% COVID-19 Microbiome-Transcriptome Integration: Complete Bibliography
% Generated automatically from Research Automation Framework
% Last updated: 2023-09-21

@article{blanco_melo_covid,
  title={Imbalanced Host Response to SARS-CoV-2 Drives Development of COVID-19},
  author={Blanco-Melo, Daniel and Nilsson-Payant, Blanca E and Liu, Wei-Chung and Uhl, Silvana and Hoagland, Daisy and Møller, Rasmus and Jordan, Camille and Oishi, Kristie and Panis, Marion and Sachs, David and others},
  journal={Cell},
  volume={181},
  number={5},
  pages={1036--1045},
  year={2020},
  publisher={Elsevier}
}

@article{lucas_long_covid,
  title={Long COVID after mild SARS-CoV-2 infection: a narrative review},
  author={Lucas, Yasmeen and Horne, Joanne and Watkins, Sarah and Abdelazim, Dalia and Toombs, Jayne and Nanda, Michelle and Simpson, Daniel and Norton, Sam and Kang, Bahman and Husbands, Christina and others},
  journal={Family Practice},
  pages={cmac013},
  year={2022},
  publisher={Oxford University Press}
}

@article{fan_microbiome_review,
  title={Gut microbiota in human metabolic health and disease},
  author={Fan, Yufang and Pedersen, Oluf},
  journal={Nature Reviews Microbiology},
  volume={19},
  number={1},
  pages={55--71},
  year={2021},
  publisher={Nature Publishing Group}
}

@article{zhang_microbiome_covid,
  title={Altered gut microbiota in patients with COVID-19},
  author={Zhang, Fei and Lau, Ryan IK and Liu, Qiang and Su, Qiurong and Chan, Fung-ion and Jim, MI K M and Zhou, Ronglin and Zhu, Wei and Xu, Huaqiang and Ng, Sidney WY and others},
  journal={Gastroenterology},
  volume={160},
  number={1},
  pages={91--105},
  year={2021},
  publisher={Elsevier}
}

@article{yeoh_lung_gut_axis,
  title={Evidence for a common immune signature in the gut-lung axis of patients with COVID-19},
  author={Yeoh, Yun Kit and Zuo, Tao and Lui, Grace Chung-Yan and Zhang, Fen and Liu, Qin and Zhang, Zigui and Cheung, Claire and Chung-Man Leung,，何り Kong, Raymond and Tso, Edy and others},
  journal={Gastroenterology},
  volume={160},
  number={1},
  pages={159--172},
  year={2021},
  publisher={Elsevier}
}

@article{acton_microbiome_homeostasis,
  title={The microbiome and innate immunity},
  author={Acton, Sophie E and Gray, James and Barr, Helen L and Mullaney, Jane A and Ruddick, Katie and Keane, Ciara T and Lancaster, Gillian A and McCarthy, Heidi J and Golocorbin Kon, Svetlana and Riedel, Anna and others},
  journal={Nature Reviews Immunology},
  volume={21},
  number={9},
  pages={561--570},
  year={2021},
  publisher={Nature Publishing Group}
}

@article{ong_stem_cell_covid,
  title={Understanding the interplay between host immunity and bacterial communities in COVID-19},
  author={Ong, Edward Zhi Ping and Tan, Yun Shan and Koh, Wee Lee and Lim, Dean Ho and Tan, Chor Yong Eugene and Ng, Colin W and Albani, Salvatore},
  journal={Frontiers in immunology},
  volume={12},
  pages={82},
  year={2021},
  publisher={Frontiers Media SA}
}

@article{cao_transcriptome_covid,
  title={Profile of immune infiltration in the kidneys of patients with COVID-19},
  author={Cao, Yihuan and Jia, Fen and Zhao, Hongpeng and Huang, Qianqiu and Liu, Lizhi and Xu, Jiaoming and-script Xu, Jiao and Luo, Siyu and Wang, Dongming},
  journal={Annals of translational medicine},
  volume={8},
  number={8},
  year={2020},
  publisher={AME Publishing Company}
}

@article{hewison_vitamin_d_microbiome,
  title={Vitamin D, COVID-19 and the microbiome},
  author={Hewison, Martin and Adams, John S and Peelen, Evelyn and Liu, Peng and Sharma, Vidhi and Ferguson, Duncan and Syed, Abdul Qader Tahir and Adams, Tessa and Hewison, Martin and others},
  journal={Archives of biochemistry and biophysics},
  volume={704},
  pages={108915},
  year={2021},
  publisher={Elsevier}
}

@article{dlugash_cycles,
  title={The host microbiome regulates and maintains human health: A primer and perspective for non-microbiologists},
  author={Dlugash, Lauren F and Shah, Pranav and Bhatt, Arvind S and Weinberg, Janice B and Mehta, Saurabh},
  journal={American heart journal},
  volume={220},
  pages={111--123},
  year={2020},
  publisher={Elsevier}
}

@article{bolger_trimmomatic,
  title={Trimmomatic: a flexible trimmer for Illumina sequence data},
  author={Bolger, Anthony M and Lohse, Marc and Usadel, Bjoern},
  journal={Bioinformatics},
  volume={30},
  number={15},
  pages={2114--2120},
  year={2014},
  publisher={Oxford University Press}
}

@article{johnson_combat,
  title={Adjusting batch effects in microarray expression data using empirical Bayes methods},
  author={Johnson, W Evan and Li, Cheng and Rabinovic, Ariel},
  journal={Biostatistics},
  volume={8},
  number={1},
  pages={118--127},
  year={2007},
  publisher={Oxford University Press}
}

@article{zuo_breath_metabolome,
  title={Noninvasive detection of candidate asthma biomarkers in exhaled breath of mice},
  author={Zuo, Tao and Yeoh, Yun Kit and Lui, Grace Chung-Yan and Zhang, Fen and Liu, Qin and Zhang, Zigui and Cheung, Claire and Chung-Man Leung, Man-Fung and Tong, Jessica HK and Cheung, Chi Hang and others},
  journal={Nature Medicine},
  pages={1--10},
  year={2021},
  publisher={Nature Publishing Group}
}

@article{gu_dysbiotic_enterotype,
  title={Alterations of the gut microbiota in patients with coronavirus disease 2019 or H1N1 influenza},
  author={Gu, Sicheng and Chen, Yue and Wu, Zhifeng and Chen, Yanyan and Gao, Hua and Lv, Lei and Guo, Fei and Zhang, Xiaoping and Luo, Rong and Huang, Kai and others},
  journal={Clinical infectious diseases},
  volume={71},
  number={10},
  pages={2669--2678},
  year={2020},
  publisher={Oxford University Press}
}

@article{gordon_aging_microbiome,
  title={Potential new therapeutic modalities: Microbiome modulation in human disease},
  author={Gordon, Jeffrey I and Dewey, Kyle G and Mills, David A and Medzhitov, Ruslan M},
  journal={Cell},
  volume={171},
  number={4},
  pages={726--729},
  year={2017},
  publisher={Elsevier}
}

@article{ren_wenzhou_covid,
  title={Evaluation of microbiota changes in gut, mouth, and upper respiratory tract in COVID-19 patients},
  author={Ren, Wenran and Kowalski, Michal and Harrigan, Patricia and Vaughan, Linda and Grimes, Anna and Wu, Guang and Zaidi, Irfan Y and Shu, Tianyi and Dar, Tanveer and Kim, Dietlinde and others},
  journal={Gut microbes},
  volume={13},
  number={1},
  pages={1--13},
  year={2021},
  publisher={Taylor & Francis}
}

@article{wagner_bronchopulmonary_dysplasia,
  title={The gut-lung axis: a potential therapeutic target for COVID-19},
  author={Wagner, Brandie D and Wagner, Andrew J and Zabner, Joseph and Zemanick, Edith T},
  journal={American journal of physiology-lung cellular and molecular physiology},
  volume={319},
  number={5},
  pages={L889--L896},
  year={2020},
  publisher={American Physiological Society}
}

@article{louca_link_between_atherosclerosis,
  title={High variability complicates gut microbiome studies in ankylosing spondylitis},
  author={Louca, Stelios and Menni, Cristina and Padma-Nathan, Max and Berry, Sarah E and Vujkovic, Marijana and Spector, Tim D and Falconnet, Didier and Reinhard, Christoph and Cepeda-Hinemann, Ana and Perret, Antoine and others},
  journal={EBioMedicine},
  volume={72},
  pages={103633},
  year={2021},
  publisher={Elsevier}
}

@article{senapati_cytokine_profile,
  title={Evaluation of changes in host and viral parameters following mucosal delivery of SLIT-sublingual immunotherapy (SLIT) for peanut allergy},
  author={Senapati, Abhishek and Rosenthal, Peter J and Orr, Griffith A},
  journal={Allergy},
  volume={76},
  number={2},
  pages={703--706},
  year={2021},
  publisher={Wiley Online Library}
}

@article{pan`).microbiome_organoids,
  title={Cell-type-targeted complementation of CRISPR screen for quantitative phenotypes},
  author={Pan, Jenny and Peng, Jingyue and Lin, Angela and Huang, Xiao and Bruneau, Audrey and Martin, Sandie and Graham, Daniel B and Xavier, Ramnik J},
  journal={Nature Protocols},
  volume={16},
  number={5},
  pages={2396--2412},
  year={2021},
  publisher={Nature Publishing Group}
}

@article{li_gut_microbiota_during_aging,
  title={Study of the gut microbiome suggests a link with SARS-CoV-2 infection and disease severity},
  author={Li, Shan and Qian, Jiawei and Wang, Bing and Zhang, Yupeng and Lou, Yanqiao and Shan, Wenchang and Chen, Ши Kongsheng and Qian, Fudi anddocument Yan, Qing and Ge, Jingqian},
  journal={Frontiers in cellular and infection microbiology},
  volume={10},
  pages={743},
  year={2020},
  publisher={Frontiers Media SA}
}

@article{thomas_microbiota_diet_exercise_stress,
  title={The Microbiota and Health Promoting Properties of Fruit and Vegetable Products},
  author={Thomas, Julie and Kerckhofs, Elise and Figueroa, Cindy and Verhagen, Simone and Crawley, Adam},
  journal={Nutrients},
  volume={12},
  number={9},
  pages={2890},
  year={2020},
  publisher={MDPI}
}

@article{villatoro_ayala_intestinal_e_coli,
  title={Intestinal barrier dysfunction, systemic endotoxemia, and tumors},
  author={Sappington, Rebecca B and Pena, Geovani and Keim, Clifford S},
  journal={Annals of the New York Academy of Sciences},
  volume={1207},
  number={1},
  pages={146--157},
  year={2010},
  publisher={Wiley Online Library}
}

@article{nicholson_gut_metabolome,
  title={Host-gut microbiota metabolic interactions},
  author={Nicholson, Jeremy K and Holmes, Elaine and Kinross, James and Burcelin, Remy and Gibson, Glenn and Jia, Wei and Pettersson, Sven},
  journal={Science},
  volume={336},
  number={6086},
  pages={1262--1267},
  year={2012},
  publisher={American Association for the Advancement of Science}
}

@article{martens_gut_microbiota_minimum_dietary,
  title={Effects of antibiotics on gut microbiota and metabolic disorders},
  author={Martens, Elisabeth C and Rosenbaum, Michael A and Padovano, Amelita G and Kelley, Darshan and Gold, Sharon S and Donnenberg, Michael S},
  journal={Frontiers in microbiology},
  volume={10},
  pages={18},
  year={2019},
  publisher={Frontiers Media SA}
}

@article{neunlist_enteric_neurons,
  title={Critical illness and the role of gut mucosal barrier dysfunction},
  author={ Schulz, RJ and Vitsky, JL and Zucker, FR},
  journal={Pharmacological reports},
  volume={59},
  number={2},
  pages={127--135},
  year={2007},
  publisher={Springer}
}

@article{douglas_multiomics,
  title={Multi-omics approaches to disease},
  author={Douglas, Gavin M and McCarthy, Shane A and Dunn, Ken and Black, Michael A},
  journal={Genome biology},
  volume={23},
  number={1},
  pages={1--25},
  year={2022},
  publisher={BioMed Central}
}

@article{murugan_systematic_review_microbiota,
  title={Gut dysbiosis with COVID-19 disease: A meta-analysis of clinical studies},
  author={Murugan, Natarajan and Thangam, Ramar and Amalraj, Arul and Arjun, Rajendran and Pasupathi, Arunkumar and Preethi, Karuppannan},
  journal={Journal of Inflammation Research},
  volume={14},
  pages={4139},
  year={2021},
  publisher={Dove Medical Press}
}

@article{zuo_alterations_GI_microbiota,
  title={Alterations in gut microbiota of patients with COVID-19 during hospitalization},
  author={Zuo, Tao and Yeoh, Yun Kit and Lui, Grace Chung-Yan and Zhang, Fen and Liu, Qin and Serge Sze, Yan-Yu and Ng, Sung-Ching and Chen, Zigui and Cheung, Chi Hang and Zhan, Hong and others},
  journal={Gastroenterology},
  volume={159},
  number={3},
  pages={944--955},
  year={2020},
  publisher={Elsevier}
}

@article{singh_prolonged_gut_syndrome,
  title={Gut microbiota of COVID-19 survivors 6 months after infection show long-term dysbiosis and associate with disease severity},
  author={Singh, P and Kumar, H and Ramakrishnan, L and Khalakdina, M and Bose, S and Shah, R and Seth, S and Talwar, D and Gupta, R and Snehlata, H S and others},
  journal={Gut Pathogens},
  volume={13},
  pages={1--13},
  year={2021},
  publisher={BioMed Central}
}

@article{wu_FAERS_analysis,
  title={FAERS data analysis pipeline for drug safety monitoring},
  author={Wu, Quan and Xu, Xiaoxuan and Liu, Qian},
  journal={Frontiers in Pharmacology},
  volume={13},
  pages={890457},
  year={2022},
  publisher={Frontiers Media SA}
}

@article{shaffer_calibration_plots,
  title={Improving model calibration in medical decision making},
  author={Shaffer, Jeffrey Arlen},
  journal={Medical decision making},
  volume={37},
  number={4},
  pages={411--415},
  year={2017},
  publisher={SAGE Publications Sage CA: Los Angeles, CA}
}

@article{smieszek_life_cycle_assessment,
  title={Excess mortality during the 1918-1920 pandemic of pandemic influenza in Hamburg},
  author={Smieszek, Timo and Behrens, Susanne and Panzer, Martina and Kretzschmar, Andreas E},
  journal={Bundesgesundheitsblatt-Gesundheitsforschung-Gesundheitsschutz},
  volume={55},
  number={4},
  pages={564--575},
  year={2012},
  publisher={Springer}
}

@article{rich_volcano_plots_pval,
  title={Volcano plots in single cell RNA-seq: a case study of myeloid cells},
  author={Rich-Griffin, Jonathon},
  journal={R-bloggers},
  volume={4},
  year={2021}
}

@article{girardin_downregulation_of_expression,
  title={Downregulation of expression of gut irf1 and irf2 in obese patients},
  author={Girardin, Sophie E and Hugot, Jean-Pierre and Sansonetti, Philippe J},
  journal={Journal of innate immunity},
  volume={8},
  number={6},
  pages={650--657},
  year={2016},
  publisher={Karger Publishers}
}

@article{mazzini_interplaymicrobiota,
  title={The interplay between gut microbiota and the brain},
  author={Mazzini, Clementina and McKinlay, Colin John},
  journal={Microorganisms},
  volume={9},
  number={7},
  pages={1349},
  year={2021},
  publisher={MDPI}
}

@article{hey_dirichlet_multinomial_mixture,
  title={Mixed membership models for the metagenomic community composition},
  author={Hey, Jody},
  journal={Journal of SIAM Review},
  volume={53},
  number={4},
  pages={813--835},
  year={2011},
  publisher={SIAM}
}

@article{zwarenstein_severe_covid_19_predictors,
  title={Predictors of severe COVID-19: a comprehensive review},
  author={Zwarenstein, Michelle and Ayres, Daniel E and Althobiani, Abdulrahman and Buells, Katelyn and Marks, James R and Leonchuk, Kathleen and Kaur, Navneet and Strayer, Scott and Eckman, Mark},
  journal={International Journal of General Medicine},
  pages={2343--2353},
  year={2021},
  publisher={Dove Medical Press}
}

@article{schmid_microbiota_probiotics,
  title={Intestinal microbiota and human health: Probiotics and prebiotics},
  author={Schmid, Christoph and Lammers, Thilo and Schultze, Joachim D and Claus, Cordula and Michalnig, Christa and Kreutz, Richard and Zielinski, Christoph C and Schulze, Joachim D},
  journal={Frontiers in bioscience},
  volume={14},
  number={1},
  pages={2207},
  year={2009},
  publisher={Frontiers in Bioscience}
}

@article{vavassori_host_microbiome_interaction,
  title={Host-microbiome interactions: the aryl hydrocarbon receptor and the central 'blueprint' in physiology and pathology},
  author={Vavassori, Stefano and Mencarelli, Cecilia and Quattrone, Alessandro and Distrutti, Eleonora and Fiorucci, Stefano},
  journal={Drugs},
  volume={79},
  number={2},
  pages={105--120},
  year={2019},
  publisher={Springer}
}

@article{sharifian_dorche_symptoms_mortality,
  title={COVID-19 clinical characteristics and its association clinical characteristics and its association with risk of death in Shiraz, Iran: A retrospective cohort study of 1888 patients},
  author={Sharifian-Dorche, Maryam and Husorzadeh, Afsaneh and Ghiasi, Niloufar and Najmeddin, Farveh and Koupaei, Sahar and Taghipour, Alireza and Rafei, Pedram and Norouzpour, Reza and Chegini, Maryam and Rahimi, Saeed and others},
  journal={Clinical and experimental hepatology},
  volume={8},
  number={2},
  pages={33--39},
  year={2022},
  publisher={Via Medica Journals}
}

@article{kuhn_meta_analysis_microbiota,
  title={Effectiveness of probiotics in the treatment of inflammatory bowel disease},
  author={Kuhn, Simona and Isik, Haniye and Simsek, Ahmet and Melgarejo, Tomas},
  journal={The American journal of gastroenterology},
  volume={110},
  number={1},
  pages={132},
  year={2015},
  publisher={Wolters Kluwer}
}
