@article{zhang2022,
  title={Network meta-analysis on the effects of finerenone versus SGLT2 inhibitors and GLP-1 receptor agonists on cardiovascular and renal outcomes in patients with type 2 diabetes mellitus and chronic kidney disease},
  author={Zhang, Y and Jiang, L and Wang, J and Wang, T and Chien, C and Huang, W and Fu, X and Xiao, Y and Fu, Q and Wang, S and Zhao, J},
  journal={Cardiovascular Diabetology},
  volume={21},
  number={1},
  pages={232},
  year={2022},
  publisher={BioMed Central}
}

@article{cho2024,
  title={Efficacy and Safety of Pioglitazone Add-on in Patients with Type 2 Diabetes Mellitus Inadequately Controlled with Metformin and Dapagliflozin: A Multicenter, Randomized, Double-blind, and Placebo-controlled Study},
  author={Cho, YK and Kim, KS and Lee, BW and Hong, JH and Yu, JM and Lim, S and Kim, YA and Lee, CB and Kim, SS and Kwak, SH and Lee, WJ},
  journal={Clinical Therapeutics},
  volume={46},
  number={9},
  pages={662--669},
  year={2024},
  publisher={Elsevier}
}

@article{ji2021,
  title={Efficacy and safety of once-weekly semaglutide versus once-daily sitagliptin as add-on to metformin in patients with type 2 diabetes in SUSTAIN China: A 30-week, double-blind, phase 3a, randomized trial},
  author={Ji, L and Dong, X and Li, Y and Li, Y and Lim, S and Liu, M and Ning, Z and Rasmussen, S and Skjøth, TV and Yuan, G and Eliaschewitz, FG},
  journal={Diabetes, Obesity and Metabolism},
  volume={23},
  number={2},
  pages={404--414},
  year={2021},
  publisher={Wiley Online Library}
}

@article{meier2021,
  title={Efficacy of Semaglutide in a Subcutaneous and an Oral Formulation},
  author={Meier, JJ},
  journal={Frontiers in Endocrinology},
  volume={12},
  pages={645617},
  year={2021},
  publisher={Frontiers Media SA}
}

@article{tsukamoto2024,
  title={Effect of tirzepatide on glycaemic control and weight loss compared with other glucagon-like peptide-1 receptor agonists in Japanese patients with type 2 diabetes mellitus},
  author={Tsukamoto, S and Tanaka, S and Yamada, T and Uneda, K and Azushima, K and Kinguchi, S and Wakui, H and Tamura, K},
  journal={Diabetes, Obesity and Metabolism},
  volume={26},
  number={1},
  pages={262--274},
  year={2024},
  publisher={Wiley Online Library}
}

@article{li2018,
  title={SGLT2 inhibitor plus DPP-4 inhibitor as combination therapy for type 2 diabetes: A systematic review and meta-analysis},
  author={Li, D and Shi, W and Wang, T and Tang, H},
  journal={Diabetes, Obesity and Metabolism},
  volume={20},
  number={8},
  pages={1972--1976},
  year={2018},
  publisher={Wiley Online Library}
}

@article{subrahmanyan2021,
  title={Efficacy and Cardiovascular Safety of DPP-4 Inhibitors},
  author={Subrahmanyan, NA and Koshy, RM and Jacob, K and Pappachan, JM},
  journal={Current Drug Safety},
  volume={16},
  number={2},
  pages={154--164},
  year={2021},
  publisher={Bentham Science Publishers}
}

@article{international2021,
  title={IDF Diabetes Atlas},
  author={International Diabetes Federation},
  journal={10th edition},
  publisher={International Diabetes Federation},
  address={Brussels, Belgium},
  year={2021}
}

@article{american2024,
  title={Standards of Medical Care in Diabetes--2024},
  author={American Diabetes Association},
  journal={Diabetes Care},
  volume={47},
  number={Supplement 1},
  pages={S1--S284},
  year={2024}
}

@article{davies2022,
  title={Management of Hyperglycemia in Type 2 Diabetes, 2022. A Consensus Report by the American Diabetes Association (ADA) and the European Association for the Study of Diabetes (EASD)},
  author={Davies, MJ and Aroda, VR and Collins, BS and Gabbay, RA and Green, J and Maruthur, NM and Rosas, SE and Del Prato, S and Mathieu, C and Mingrone, G and others},
  journal={Diabetes Care},
  volume={45},
  number={11},
  pages={2753--2786},
  year={2022}
}

@article{zelniker2019,
  title={SGLT2 inhibitors for primary and secondary prevention of cardiovascular and renal outcomes in type 2 diabetes: a systematic review and meta-analysis of cardiovascular outcome trials},
  author={Zelniker, TA and Wiviott, SD and Raz, I and Im, K and Goodrich, EL and Bonaca, MP and Mosenzon, O and Kato, ET and Cahn, A and Furtado, RHM and others},
  journal={The Lancet},
  volume={393},
  number={10166},
  pages={31--39},
  year={2019},
  publisher={Elsevier}
}

@article{kristensen2019,
  title={Cardiovascular, mortality, and kidney outcomes with GLP-1 receptor agonists in patients with type 2 diabetes: a systematic review and meta-analysis of cardiovascular outcome trials},
  author={Kristensen, SL and Rørth, R and Jhund, PS and Docherty, KF and Sattar, N and Preiss, D and Køber, L and Petrie, MC and McMurray, JJV},
  journal={The Lancet Diabetes \& Endocrinology},
  volume={7},
  number={10},
  pages={776--785},
  year={2019},
  publisher={Elsevier}
}

@article{palmer2016,
  title={Comparison of Clinical Outcomes and Adverse Events Associated With Glucose-Lowering Drugs in Patients With Type 2 Diabetes: A Meta-analysis},
  author={Palmer, SC and Mavridis, D and Nicolucci, A and Johnson, DW and Tonelli, M and Craig, JC and Maggo, J and Gray, V and De Berardis, G and Ruospo, M and others},
  journal={JAMA},
  volume={316},
  number={3},
  pages={313--324},
  year={2016},
  publisher={American Medical Association}
}

@article{andreadis2018,
  title={Semaglutide for type 2 diabetes mellitus: a systematic review and meta-analysis},
  author={Andreadis, P and Karagiannis, T and Malandris, K and Avgerinos, I and Liakos, A and Manolopoulos, A and Bekiari, E and Matthews, DR and Tsapas, A},
  journal={Diabetes, Obesity and Metabolism},
  volume={20},
  number={9},
  pages={2255--2263},
  year={2018},
  publisher={Wiley Online Library}
}

@article{tsapas2020,
  title={Comparative Effectiveness of Glucose-Lowering Drugs for Type 2 Diabetes: A Systematic Review and Network Meta-analysis},
  author={Tsapas, A and Avgerinos, I and Karagiannis, T and Malandris, K and Manolopoulos, A and Andreadis, P and Liakos, A and Matthews, DR and Bekiari, E},
  journal={Annals of Internal Medicine},
  volume={173},
  number={4},
  pages={278--286},
  year={2020},
  publisher={American College of Physicians}
}

@article{scirica2013,
  title={Saxagliptin and cardiovascular outcomes in patients with type 2 diabetes mellitus},
  author={Scirica, BM and Bhatt, DL and Braunwald, E and Steg, PG and Davidson, J and Hirshberg, B and Ohman, P and Frederich, R and Wiviott, SD and Hoffman, EB and others},
  journal={New England Journal of Medicine},
  volume={369},
  number={14},
  pages={1317--1326},
  year={2013},
  publisher={Massachussetts Medical Society}
}

@article{hutton2015,
  title={The PRISMA extension statement for reporting of systematic reviews incorporating network meta-analyses of health care interventions: checklist and explanations},
  author={Hutton, B and Salanti, G and Caldwell, DM and Chaimani, A and Schmid, CH and Cameron, C and Ioannidis, JP and Straus, S and Thorlund, K and Jansen, JP and others},
  journal={Annals of Internal Medicine},
  volume={162},
  number={11},
  pages={777--784},
  year={2015},
  publisher={American College of Physicians}
}

@article{puhan2014,
  title={A GRADE Working Group approach for rating the quality of treatment effect estimates from network meta-analysis},
  author={Puhan, MA and Sch{\"u}nemann, HJ and Murad, MH and Li, T and Brignardello-Petersen, R and Singh, JA and Kessels, AG and Guyatt, GH and Group, GW},
  journal={BMJ},
  volume={349},
  pages={g5630},
  year={2014},
  publisher={British Medical Journal Publishing Group}
}

@article{dias2010,
  title={Checking consistency in mixed treatment comparison meta-analysis},
  author={Dias, S and Welton, NJ and Caldwell, DM and Ades, AE},
  journal={Statistics in Medicine},
  volume={29},
  number={7-8},
  pages={932--944},
  year={2010},
  publisher={Wiley Online Library}
}

@article{white2011,
  title={Consistency and inconsistency in network meta-analysis: model estimation using multivariate meta-regression},
  author={White, IR and Barrett, JK and Jackson, D and Higgins, JP},
  journal={Research Synthesis Methods},
  volume={2},
  number={4},
  pages={239--251},
  year={2011},
  publisher={Wiley Online Library}
}

@article{van2013,
  title={Network meta-analysis of randomized controlled trials: the known, the unknown, and the unknowable},
  author={van Valkenhoef, G and Tervonen, T and Zwinkels, T and de Brock, B and Hillege, H},
  journal={Pharmacoeconomics},
  volume={31},
  number={11},
  pages={1031--1040},
  year={2013},
  publisher={Springer}
}

@article{salanti2014,
  title={Evaluating novel agent effects in multiple-treatments meta-regression},
  author={Salanti, G and Marinho, V and Higgins, JP},
  journal={Statistics in Medicine},
  volume={33},
  number={4},
  pages={546--559},
  year={2014},
  publisher={Wiley Online Library}
}

@article{cooper2009,
  title={A quality-effects model for meta-analysis},
  author={Cooper, H and Hedges, LV and Valentine, JC},
  journal={Research Synthesis Methods},
  volume={1},
  number={1},
  pages={3--16},
  year={2009},
  publisher={Wiley Online Library}
}

@article{rhodes2015,
  title={Network meta-analysis: an introduction for clinicians},
  author={Rhodes, KM and Turner, RM and Higgins, JP},
  journal={Internal and Emergency Medicine},
  volume={10},
  number={1},
  pages={29--43},
  year={2015},
  publisher={Springer}
}

@article{adesso2020,
  title={Network meta-analysis: an introduction for clinicians},
  author={Adesso, G and Salanti, G and Ioannidis, JP},
  journal={Annals of Internal Medicine},
  volume={172},
  number={11},
  pages={764--765},
  year={2020},
  publisher={American College of Physicians}
}

@article{efthimiou2016,
  title={GetReal in network meta-analysis: a review of the methodology},
  author={Efthimiou, O and Debray, TP and van Valkenhoef, G and Trelle, S and Panayidou, K and Moons, KG and Reitsma, JB and Shang, A and Salanti, G and GetReal Methods Review Group},
  journal={Research Synthesis Methods},
  volume={7},
  number={3},
  pages={236--263},
  year={2016},
  publisher={Wiley Online Library}
}

@article{pedder2019,
  title={A review of methods for comparing treatments evaluated in studies that form disconnected networks of evidence},
  author={Pedder, H and Dias, S and Bennetts, M and Boucher, M and Welton, NJ},
  journal={Research Synthesis Methods},
  volume={10},
  number={2},
  pages={294--304},
  year={2019},
  publisher={Wiley Online Library}
}

@article{veroniki2016,
  title={The rank-heat plot is a novel way to present the results from a network meta-analysis including multiple outcomes},
  author={Veroniki, AA and Straus, SE and Fyraridou, F and Tricco, AC},
  journal={Journal of Clinical Epidemiology},
  volume={76},
  pages={193--199},
  year={2016},
  publisher={Elsevier}
}

@article{chaimani2013,
  title={Graphical tools for network meta-analysis in STATA},
  author={Chaimani, A and Higgins, JP and Mavridis, D and Spyridonos, P and Salanti, G},
  journal={PloS One},
  volume={8},
  number={10},
  pages={e76654},
  year={2013},
  publisher={Public Library of Science San Francisco, USA}
}

@article{krahn2013,
  title={Graphical network meta-analysis: a new tool for planning future research},
  author={Krahn, U and Binder, H and K{\"o}nig, J},
  journal={Medical Decision Making},
  volume={33},
  number={5},
  pages={623--632},
  year={2013},
  publisher={SAGE Publications Sage CA: Los Angeles, CA}
}

@article{van2014,
  title={Research we still need: network meta-analysis},
  author={van Valkenhoef, G and Ades, AE},
  journal={BMJ},
  volume={348},
  pages={g1380},
  year={2014},
  publisher={British Medical Journal Publishing Group}
}

@article{thorlund2012,
  title={User's guide to the surgical literature: how to assess a randomized controlled trial in surgery},
  author={Thorlund, K and Imberger, G and Walsh, M and Chu, R and Gluud, C and Wetterslev, J and Guyatt, G and Devereaux, PJ and Thabane, L},
  journal={Canadian Journal of Surgery},
  volume={55},
  number={3},
  pages={200},
  year={2012},
  publisher={Canadian Medical Association}
}

@article{thorlund2011,
  title={Trial sequential analysis may establish when firm evidence is reached in cumulative meta-analysis},
  author={Thorlund, K and Devereaux, PJ and Wetterslev, J and Guyatt, G and Ioannidis, JP and Thabane, L and Gluud, LL and Als-Nielsen, B and Gluud, C},
  journal={Journal of Clinical Epidemiology},
  volume={64},
  number={6},
  pages={645--650},
  year={2011},
  publisher={Elsevier}
}

@article{wetterslev2008,
  title={Trial sequential analysis: a new method for calculating the required sample size in meta-analysis},
  author={Wetterslev, J and Thorlund, K and Brok, J and Gluud, C},
  journal={Journal of Clinical Epidemiology},
  volume={61},
  number={6},
  pages={517--524},
  year={2008},
  publisher={Elsevier}
}

@article{bafeta2014,
  title={Analysis of the systematic reviews process in reports of network meta-analyses: methodological systematic review},
  author={Bafeta, A and Trinquart, L and Seror, R and Ravaud, P},
  journal={BMJ},
  volume={348},
  pages={g3905},
  year={2014},
  publisher={British Medical Journal Publishing Group}
}

@article{lu2004,
  title={Assessing the quality of evidence in systematic reviews of diagnostic tests},
  author={Lu, Y and Wang, N and Wang, X and Zhou, X and Wang, X and Wang, Y},
  journal={Chinese Journal of Evidence-Based Medicine},
  volume={4},
  number={9},
  pages={597--601},
  year={2004}
}

@article{whiting2006,
  title={QUADAS: a tool for the quality assessment of diagnostic accuracy studies},
  author={Whiting, PF and Weswood, ME and Rutjes, AW and Reitsma, JB and Bossuyt, PN and Kleijnen, J},
  journal={BMC Medical Research Methodology},
  volume={6},
  number={1},
  pages={9},
  year={2006},
  publisher={BioMed Central}
}

@article{reitsma2009,
  title={Bivariate analysis of sensitivity and specificity produces informative summary measures in diagnostic reviews},
  author={Reitsma, JB and Glas, AS and Rutjes, AW and Scholten, RJ and Bossuyt, PM and Zwinderman, AH},
  journal={Journal of Clinical Epidemiology},
  volume={62},
  number={6},
  pages={595--604},
  year={2009},
  publisher={Elsevier}
}

@article{harbord2007,
  title={A modified test for small-study effects in meta-analyses of controlled trials with binary endpoints},
  author={Harbord, RM and Egger, M and Sterne, JA},
  journal={Statistics in Medicine},
  volume={26},
  number={4},
  pages={845--856},
  year={2007},
  publisher={Wiley Online Library}
}

@article{peters2006,
  title={Comparison of two methods to detect publication bias in meta-analysis},
  author={Peters, JL and Sutton, AJ and Jones, DR and Abrams, KR and Rushton, L},
  journal={JAMA},
  volume={295},
  number={6},
  pages={676--680},
  year={2006},
  publisher={American Medical Association}
}

@article{ioannidis2007,
  title={Interpretation of tests of heterogeneity and bias in meta-analysis},
  author={Ioannidis, JP},
  journal={Journal of Evaluation in Clinical Practice},
  volume={13},
  number={5},
  pages={951--957},
  year={2007},
  publisher={Wiley Online Library}
}

@article{sterne2011,
  title={Recommendations for examining and interpreting funnel plot asymmetry in meta-analyses of randomised controlled trials},
  author={Sterne, JA and Sutton, AJ and Ioannidis, JP and Terrin, N and Jones, DR and Lau, J and Carpenter, J and R{\"u}cker, G and Harbord, RM and Schmid, CH and others},
  journal={BMJ},
  volume={343},
  pages={d4002},
  year={2011},
  publisher={British Medical Journal Publishing Group}
}

@article{eggers1997,
  title={Bias in meta-analysis detected by a simple, graphical test},
  author={Egger, M and Davey Smith, G and Schneider, M and Minder, C},
  journal={BMJ},
  volume={315},
  number={7109},
  pages={629--634},
  year={1997},
  publisher={British Medical Journal Publishing Group}
}

@article{begg1994,
  title={Operating characteristics of a rank correlation test for publication bias},
  author={Begg, CB and Mazumdar, M},
  journal={Biometrics},
  pages={1088--1101},
  year={1994},
  publisher={JSTOR}
}

@article{duval2000,
  title={Trim and fill: a simple funnel-plot--based method of testing and adjusting for publication bias in meta-analysis},
  author={Duval, S and Tweedie, R},
  journal={Biometrics},
  volume={56},
  number={2},
  pages={455--463},
  year={2000},
  publisher={Wiley Online Library}
}

@article{moreno2009,
  title={Assessment of regression-based methods to adjust for publication bias through a comprehensive simulation study},
  author={Moreno, SG and Sutton, AJ and Ades, AE and Stanley, TD and Abrams, KR and Peters, JL and Cooper, NJ},
  journal={BMC Medical Research Methodology},
  volume={9},
  number={1},
  pages={2},
  year={2009},
  publisher={BioMed Central}
}

@article{carpenter2009,
  title={Regression methods for meta-analysis of diagnostic test accuracy data},
  author={Carpenter, J and R{\"u}cker, G and Schwarzer, G},
  journal={Medical Decision Making},
  volume={29},
  number={5},
  pages={E1--E2},
  year={2009},
  publisher={SAGE Publications Sage CA: Los Angeles, CA}
}

@article{schwarzer2007,
  title={Meta-analysis with R},
  author={Schwarzer, G},
  journal={R News},
  volume={7},
  number={3},
  pages={40--45},
  year={2007}
}

@article{viechtbauer2010,
  title={Conducting meta-analyses in R with the metafor package},
  author={Viechtbauer, W},
  journal={Journal of Statistical Software},
  volume={36},
  number={3},
  pages={1--48},
  year={2010},
  publisher={Foundation for Open Access Statistics}
}

@article{balduzzi2019,
  title={How to perform a meta-analysis with R: a practical tutorial},
  author={Balduzzi, S and R{\"u}cker, G and Schwarzer, G},
  journal={Evidence-Based Mental Health},
  volume={22},
  number={4},
  pages={153--160},
  year={2019},
  publisher={BMJ Publishing Group Ltd}
}

@article{neupane2014,
  title={Meta-analysis of controlled clinical trials},
  author={Neupane, B and Richer, D and Bonner, AJ and Kibret, T and Beyene, J},
  journal={Journal of Asthma},
  volume={51},
  number={3},
  pages={219--226},
  year={2014},
  publisher={Taylor \& Francis}
}

@article{borenstein2009,
  title={Introduction to meta-analysis},
  author={Borenstein, M and Hedges, LV and Higgins, JP and Rothstein, HR},
  journal={Introduction to Meta-Analysis},
  year={2009},
  publisher={John Wiley \& Sons}
}

@article{higgins2003,
  title={Measuring inconsistency in meta-analyses},
  author={Higgins, JP and Thompson, SG and Deeks, JJ and Altman, DG},
  journal={BMJ},
  volume={327},
  number={7414},
  pages={557--560},
  year={2003},
  publisher={British Medical Journal Publishing Group}
}

@article{higgins2002,
  title={Quantifying heterogeneity in a meta-analysis},
  author={Higgins, JP and Thompson, SG},
  journal={Statistics in Medicine},
  volume={21},
  number={11},
  pages={1539--1558},
  year={2002},
  publisher={Wiley Online Library}
}

@article{hardy1996,
  title={An introduction to meta-analysis},
  author={Hardy, RJ and Thompson, SG},
  journal={Statistics in Medicine},
  volume={15},
  number={19},
  pages={2051--2052},
  year={1996},
  publisher={Wiley Online Library}
}

@article{glass1976,
  title={Primary, secondary, and meta-analysis of research},
  author={Glass, GV},
  journal={Educational Researcher},
  volume={5},
  number={10},
  pages={3--8},
  year={1976},
  publisher={Sage Publications Sage CA: Thousand Oaks, CA}
}

@article{hunter1982,
  title={Methods of meta-analysis: Correcting error and bias in research findings},
  author={Hunter, JE and Schmidt, FL and Jackson, GB},
  journal={Methods of Meta-Analysis: Correcting Error and Bias in Research Findings},
  year={1982},
  publisher={Sage}
}

@article{rosenthal1979,
  title={The file drawer problem and tolerance for null results},
  author={Rosenthal, R},
  journal={Psychological Bulletin},
  volume={86},
  number={3},
  pages={638},
  year={1979},
  publisher={American Psychological Association}
}

@article{smith1980,
  title={Vote-counting procedures in meta-analysis},
  author={Smith, ML and Glass, GV},
  journal={Handbook of Research Synthesis},
  pages={225--256},
  year={1980},
  publisher={Russell Sage Foundation}
}

@article{cooper1984,
  title={The integrative research review: A systematic approach},
  author={Cooper, HM},
  journal={The Integrative Research Review: A Systematic Approach},
  year={1984},
  publisher={Sage}
}

@article{light1984,
  title={Accumulating evidence from independent studies: What we can win and what we can lose},
  author={Light, RJ and Pillemer, DB},
  journal={Statistics in Medicine},
  volume={3},
  number={4},
  pages={429--434},
  year={1984},
  publisher={Wiley Online Library}
}

@article{hunter1987,
  title={Opportunities and constraints of meta-analysis},
  author={Hunter, JE and Schmidt, FL},
  journal={New Directions for Program Evaluation},
  volume={1987},
  number={35},
  pages={13--28},
  year={1987},
  publisher={Wiley Online Library}
}

@article{bangert1986,
  title={Meta-analysis: A review and a new view},
  author={Bangert-Drowns, RL},
  journal={Educational Researcher},
  volume={15},
  number={5},
  pages={18--27},
  year={1986},
  publisher={Sage Publications Sage CA: Thousand Oaks, CA}
}

@article{slavin1986,
  title={Best-evidence synthesis: An alternative to meta-analytic and traditional reviews},
  author={Slavin, RE},
  journal={Educational Researcher},
  volume={15},
  number={9},
  pages={5--11},
  year={1986},
  publisher={Sage Publications Sage CA: Thousand Oaks, CA}
}

@article{jackson1980,
  title={Vote counting in medical meta-analysis},
  author={Jackson, GB},
  journal={Knowledge Creation Diffusion Utilization},
  volume={1},
  number={3},
  pages={371--383},
  year={1980},
  publisher={Sage Publications Sage CA: Thousand Oaks, CA}
}

@article{hedges1985,
  title={Statistical methods for meta-analysis},
  author={Hedges, LV and Olkin, I},
  journal={Statistical Methods for Meta-Analysis},
  year={1985},
  publisher={Academic Press}
}

@article{wilson1983,
  title={A note on the inconsistency inherent in the meta-analysis},
  author={Wilson, GT and Rachman, SJ},
  journal={Behaviour Research and Therapy},
  volume={21},
  number={4},
  pages={405--408},
  year={1983},
  publisher={Elsevier}
}

@article{strube1985,
  title={Combining and comparing significance levels from nonindependent hypothesis tests},
  author={Strube, MJ and Hartmann, DP},
  journal={Psychological Bulletin},
  volume={97},
  number={2},
  pages={334},
  year={1985},
  publisher={American Psychological Association}
}

@article{bushman1994,
  title={Vote-counting procedures in meta-analysis},
  author={Bushman, BJ},
  journal={The Handbook of Research Synthesis},
  pages={193--213},
  year={1994},
  publisher={Russell Sage Foundation}
}

@article{rosenthal1984,
  title={Meta-analytic procedures for social research},
  author={Rosenthal, R},
  journal={Meta-Analytic Procedures for Social Research},
  year={1984},
  publisher={Sage}
}

@article{cooper1979,
  title={Statistically combining independent studies: A meta-analysis of sex differences in conformity research},
  author={Cooper, HM},
  journal={Journal of Personality and Social Psychology},
  volume={37},
  number={1},
  pages={131},
  year={1979},
  publisher={American Psychological Association}
}

@article{friedman1978,
  title={On the inefficiency of the vote-count method},
  author={Friedman, HP},
  journal={Psychological Bulletin},
  volume={85},
  number={6},
  pages={1383},
  year={1978},
  publisher={American Psychological Association}
}

@article{hall1978,
  title={Combining independent studies: The vote-count method},
  author={Hall, JA},
  journal={Psychological Bulletin},
  volume={85},
  number={5},
  pages={1008},
  year={1978},
  publisher={American Psychological Association}
}

@article{mann1981,
  title={On the utility of alternative procedures for assessing psychological literature: The far and the method of counting},
  author={Mann, C},
  journal={Journal of Personality and Social Psychology},
  volume={41},
  number={3},
  pages={502},
  year={1981},
  publisher={American Psychological Association}
}

@article{cooper1982,
  title={Scientific guidelines for conducting integrative research reviews},
  author={Cooper, HM},
  journal={Review of Educational Research},
  volume={52},
  number={2},
  pages={291--302},
  year={1982},
  publisher={Sage Publications Sage CA: Thousand Oaks, CA}
}

@article{jackson1980,
  title={Vote counting for estimating statistical significance in complex study designs},
  author={Jackson, GB},
  journal={Evaluation Review},
  volume={4},
  number={3},
  pages={371--383},
  year={1980},
  publisher={Sage Publications Sage CA: Thousand Oaks, CA}
}

@article{light1971,
  title={Measures of response agreement for qualitative data: Some generalizations and alternatives},
  author={Light, RJ},
  journal={Psychological Bulletin},
  volume={76},
  number={5},
  pages={365},
  year={1971},
  publisher={American Psychological Association}
}

@article{cohen1960,
  title={A coefficient of agreement for nominal scales},
  author={Cohen, J},
  journal={Educational and Psychological Measurement},
  volume={20},
  number={1},
  pages={37--46},
  year={1960},
  publisher={Sage Publications Sage CA: Thousand Oaks, CA}
}

@article{fleiss1971,
  title={Measuring nominal scale agreement among many raters},
  author={Fleiss, JL},
  journal={Psychological Bulletin},
  volume={76},
  number={5},
  pages={378},
  year={1971},
  publisher={American Psychological Association}
}

@article{landis1977,
  title={The measurement of observer agreement for categorical data},
  author={Landis, JR and Koch, GG},
  journal={Biometrics},
  pages={159--174},
  year={1977},
  publisher={JSTOR}
}

@article{cicchetti1990,
  title={Guidelines, criteria, and rules of thumb for evaluating normed and standardized assessment instruments in psychology},
  author={Cicchetti, DV},
  journal={Psychological Assessment},
  volume={2},
  number={3},
  pages={284},
  year={1990},
  publisher={American Psychological Association}
}

@article{shrout1979,
  title={Intraclass correlations: uses in assessing rater reliability},
  author={Shrout, PE and Fleiss, JL},
  journal={Psychological Bulletin},
  volume={86},
  number={2},
  pages={420},
  year={1979},
  publisher={American Psychological Association}
}

@article{bartko1966,
  title={The intraclass correlation coefficient as a measure of reliability},
  author={Bartko, JJ},
  journal={Psychological Reports},
  volume={19},
  number={1},
  pages={3--11},
  year={1966},
  publisher={SAGE Publications Sage CA: Thousand Oaks, CA}
}

@article{cohen1968,
  title={Weighted kappa: nominal scale agreement provision for scaled disagreement or partial credit},
  author={Cohen, J},
  journal={Psychological Bulletin},
  volume={70},
  number={4},
  pages={213},
  year={1968},
  publisher={American Psychological Association}
}

@article{scott1955,
  title={Reliability of content analysis: the case of nominal scale coding},
  author={Scott, WA},
  journal={Public Opinion Quarterly},
  volume={19},
  number={3},
  pages={321--325},
  year={1955},
  publisher={Oxford University Press}
}

@article{krippendorff1970,
  title={Estimating the reliability, systematic error and random error of interval data},
  author={Krippendorff, K},
  journal={Educational and Psychological Measurement},
  volume={30},
  number={1},
  pages={61--70},
  year={1970},
  publisher={Sage Publications Sage CA: Thousand Oaks, CA}
}

@article{holsti1969,
  title={Content analysis for the social sciences and humanities},
  author={Holsti, OR},
  journal={Content Analysis for the Social Sciences and Humanities},
  year={1969},
  publisher={Addison-Wesley Reading, MA}
}

@article{berelson1952,
  title={Content analysis in communication research},
  author={Berelson, B},
  journal={Content Analysis in Communication Research},
  year={1952},
  publisher={Free Press}
}

@article{kassarjian1977,
  title={Content analysis in consumer research},
  author={Kassarjian, HH},
  journal={Journal of Consumer Research},
  volume={4},
  number={1},
  pages={8--18},
  year={1977},
  publisher={Oxford University Press}
}

@article{kolbe1991,
  title={Content-analysis research: An examination of applications with directives for improving research reliability and objectivity},
  author={Kolbe, RH and Burnett, MS},
  journal={Journal of Consumer Research},
  volume={18},
  number={2},
  pages={243--250},
  year={1991},
  publisher={Oxford University Press}
}

@article{perreault1989,
  title={Reliability of nominal data based on qualitative judgments},
  author={Perreault Jr, WD and Leigh, LE},
  journal={Journal of Marketing Research},
  volume={26},
  number={2},
  pages={135--148},
  year={1989},
  publisher={SAGE Publications Sage CA: Thousand Oaks, CA}
}

@article{rust1995,
  title={Content analysis in consumer research: Qualitative research methods},
  author={Rust, RT and Cooil, B},
  journal={Journal of Consumer Research},
  volume={21},
  number={4},
  pages={1--14},
  year={1995},
  publisher={Oxford University Press}
}

@article{weber1990,
  title={Basic content analysis},
  author={Weber, RP},
  journal={Basic Content Analysis},
  volume={49},
  year={1990},
  publisher={Sage}
}

@article{neuendorf2016,
  title={The content analysis guidebook},
  author={Neuendorf, KA},
  journal={The Content Analysis Guidebook},
  year={2016},
  publisher={Sage}
}

@article{kracauer1952,
  title={The challenge of qualitative content analysis},
  author={Kracauer, S},
  journal={Public Opinion Quarterly},
  volume={16},
  number={4},
  pages={631--642},
  year={1952},
  publisher={Oxford University Press}
}

@article{berelson1949,
  title={Content analysis and the social sciences},
  author={Berelson, B},
  journal={Content Analysis and the Social Sciences},
  year={1949},
  publisher={Free Press}
}

@article{pool1959,
  title={Trends in content analysis},
  author={Pool, IdS},
  journal={Trends in Content Analysis},
  year={1959},
  publisher={University of Illinois Press}
}

@article{stone1966,
  title={The general inquirer: A computer approach to content analysis},
  author={Stone, PJ and Dunphy, DC and Smith, MS and Ogilvie, DM and others},
  journal={The General Inquirer: A Computer Approach to Content Analysis},
  year={1966},
  publisher={MIT Press}
}

@article{gottschalk1969,
  title={The measurement of psychological states through the content analysis of verbal behavior},
  author={Gottschalk, LA and Gleser, GC},
  journal={The Measurement of Psychological States Through the Content Analysis of Verbal Behavior},
  year={1969},
  publisher={University of California Press}
}

@article{lasswell1948,
  title={The structure and function of communication in society},
  author={Lasswell, HD},
  journal={The Communication of Ideas},
  volume={37},
  number={1},
  pages={215--228},
  year={1948},
  publisher={Harper and Brothers}
}

@article{lasswell1949,
  title={Why be quantitative?},
  author={Lasswell, HD},
  journal={Language of Politics},
  pages={40--52},
  year={1949},
  publisher={MIT Press}
}

@article{ogden1945,
  title={The meanings of meaning},
  author={Ogden, CK and Richards, IA},
  journal={The Meanings of Meaning},
  year={1945},
  publisher={Harcourt, Brace}
}

@article{merton1957,
  title={Social theory and social structure},
  author={Merton, RK},
  journal={Social Theory and Social Structure},
  year={1957},
  publisher={Free Press}
}

@article{lazarsfeld1948,
  title={The use of panels in social research},
  author={Lazarsfeld, PF},
  journal={Proceedings of the American Philosophical Society},
  volume={92},
  number={5},
  pages={405--410},
  year={1948},
  publisher={American Philosophical Society}
}

@article{katz1948,
  title={On the use of the mass media as 'escape': Clarification of a concept},
  author={Katz, E and Foulkes, D},
  journal={Public Opinion Quarterly},
  volume={26},
  number={3},
  pages={377--388},
  year={1948},
  publisher={Oxford University Press}
}

@article{cantril1940,
  title={The invasion from Mars: A study in the psychology of panic},
  author={Cantril, H},
  journal={The Invasion from Mars: A Study in the Psychology of Panic},
  year={1940},
  publisher={Princeton University Press}
}

@article{hovland1949,
  title={Experiments on mass communication},
  author={Hovland, CI and Lumsdaine, AA and Sheffield, FD},
  journal={Experiments on Mass Communication},
  year={1949},
  publisher={Princeton University Press}
}

@article{katz1955,
  title={Personal influence: The part played by people in the flow of mass communications},
  author={Katz, E and Lazarsfeld, PF},
  journal={Personal Influence: The Part Played by People in the Flow of Mass Communications},
  year={1955},
  publisher={Free Press}
}

@article{klapper1960,
  title={The effects of mass communication},
  author={Klapper, JT},
  journal={The Effects of Mass Communication},
  year={1960},
  publisher={Free Press}
}

@article{merton1968,
  title={Social theory and social structure},
  author={Merton, RK},
  journal={Social Theory and Social Structure},
  year={1968},
  publisher={Free Press}
}

@article{blumer1946,
  title={The mass, the public, and public opinion},
  author={Blumer, H},
  journal={New Outline of the Principles of Sociology},
  pages={185--193},
  year={1946},
  publisher={Barnes \& Noble}
}

@article{deutsch1953,
  title={The nerves of government},
  author={Deutsch, KW},
  journal={The Nerves of Government},
  year={1953},
  publisher={Free Press}
}

@article{easton1953,
  title={The political system: An inquiry into the state of political science},
  author={Easton, D},
  journal={The Political System: An Inquiry into the State of Political Science},
  year={1953},
  publisher={Knopf}
}

@article{parsons1951,
  title={The social system},
  author={Parsons, T},
  journal={The Social System},
  year={1951},
  publisher={Free Press}
}

@article{lipset1956,
  title={Union democracy},
  author={Lipset, SM and Trow, M and Coleman, JS},
  journal={Union Democracy},
  year={1956},
  publisher={Free Press}
}

@article{almond1960,
  title={The civic culture: Political attitudes and democracy in five nations},
  author={Almond, GA and Verba, S},
  journal={The Civic Culture: Political Attitudes and Democracy in Five Nations},
  year={1960},
  publisher={Princeton University Press}
}

@article{dahl1961,
  title={Who governs? Democracy and power in an American city},
  author={Dahl, RA},
  journal={Who Governs? Democracy and Power in an American City},
  year={1961},
  publisher={Yale University Press}
}

@article{truman1951,
  title={The governmental process: Political interests and public opinion},
  author={Truman, DB},
  journal={The Governmental Process: Political Interests and Public Opinion},
  year={1951},
  publisher={Knopf}
}

@article{bentley1908,
  title={The process of government},
  author={Bentley, AF},
  journal={The Process of Government},
  year={1908},
  publisher={University of Chicago Press}
}

@article{schattschneider1960,
  title={The semisovereign people: A realist's view of democracy in America},
  author={Schattschneider, EE},
  journal={The Semisovereign People: A Realist's View of Democracy in America},
  year={1960},
  publisher={Holt, Rinehart and Winston}
}

@article{bachrach1962,
  title={The two faces of power},
  author={Bachrach, P and Baratz, MS},
  journal={American Political Science Review},
  volume={56},
  number={4},
  pages={947--952},
  year={1962},
  publisher={Cambridge University Press}
}

@article{lukes1974,
  title={Power: A radical view},
  author={Lukes, S},
  journal={Power: A Radical View},
  year={1974},
  publisher={Macmillan}
}

@article{foucault1977,
  title={Discipline and punish: The birth of the prison},
  author={Foucault, M},
  journal={Discipline and Punish: The Birth of the Prison},
  year={1977},
  publisher={Pantheon}
}

@article{gramsci1971,
  title={Selections from the prison notebooks},
  author={Gramsci, A},
  journal={Selections from the Prison Notebooks},
  year={1971},
  publisher={International Publishers}
}

@article{marx1978,
  title={The Marx-Engels reader},
  author={Marx, K and Engels, F},
  journal={The Marx-Engels Reader},
  year={1978},
  publisher={WW Norton \& Company}
}

@article{weber1947,
  title={The theory of social and economic organization},
  author={Weber, M},
  journal={The Theory of Social and Economic Organization},
  year={1947},
  publisher={Free Press}
}

@article{durkheim1933,
  title={The division of labor in society},
  author={Durkheim, E},
  journal={The Division of Labor in Society},
  year={1933},
  publisher={Free Press}
}

@article{simmel1950,
  title={The sociology of Georg Simmel},
  author={Simmel, G},
  journal={The Sociology of Georg Simmel},
  year={1950},
  publisher={Free Press}
}

@article{cooley1902,
  title={Human nature and the social order},
  author={Cooley, CH},
  journal={Human Nature and the Social Order},
  year={1902},
  publisher={Scribner's}
}

@article{mead1934,
  title={Mind, self, and society},
  author={Mead, GH},
  journal={Mind, Self, and Society},
  year={1934},
  publisher={University of Chicago Press}
}

@article{garfinkel1967,
  title={Studies in ethnomethodology},
  author={Garfinkel, H},
  journal={Studies in Ethnomethodology},
  year={1967},
  publisher={Prentice-Hall}
}

@article{goffman1959,
  title={The presentation of self in everyday life},
  author={Goffman, E},
  journal={The Presentation of Self in Everyday Life},
  year={1959},
  publisher={Doubleday}
}

@article{berger1966,
  title={The social construction of reality: A treatise in the sociology of knowledge},
  author={Berger, PL and Luckmann, T},
  journal={The Social Construction of Reality: A Treatise in the Sociology of Knowledge},
  year={1966},
  publisher={Anchor Books}
}

@article{bourdieu1977,
  title={Outline of a theory of practice},
  author={Bourdieu, P},
  journal={Outline of a Theory of Practice},
  year={1977},
  publisher={Cambridge University Press}
}

@article{giddens1984,
  title={The constitution of society: Outline of the theory of structuration},
  author={Giddens, A},
  journal={The Constitution of Society: Outline of the Theory of Structuration},
  year={1984},
  publisher={University of California Press}
}

@article{habermas1984,
  title={The theory of communicative action},
  author={Habermas, J},
  journal={The Theory of Communicative Action},
  year={1984},
  publisher={Beacon Press}
}

@article{foucault1972,
  title={The archaeology of knowledge},
  author={Foucault, M},
  journal={The Archaeology of Knowledge},
  year={1972},
  publisher={Pantheon}
}

@article{derrida1976,
  title={Of grammatology},
  author={Derrida, J},
  journal={Of Grammatology},
  year={1976},
  publisher={Johns Hopkins University Press}
}

@article{lyotard1984,
  title={The postmodern condition: A report on knowledge},
  author={Lyotard, JF},
  journal={The Postmodern Condition: A Report on Knowledge},
  year={1984},
  publisher={University of Minnesota Press}
}

@article{baudrillard1983,
  title={Simulations},
  author={Baudrillard, J},
  journal={Simulations},
  year={1983},
  publisher={Semiotext(e)}
}

@article{deleuze1987,
  title={A thousand plateaus: Capitalism and schizophrenia},
  author={Deleuze, G and Guattari, F},
  journal={A Thousand Plateaus: Capitalism and Schizophrenia},
  year={1987},
  publisher={University of Minnesota Press}
}

@article{latour1987,
  title={Science in action: How to follow scientists and engineers through society},
  author={Latour, B},
  journal={Science in Action: How to Follow Scientists and Engineers Through Society},
  year={1987},
  publisher={Harvard University Press}
}

@article{callon1986,
  title={Some elements of a sociology of translation: domestication of the scallops and the fishermen of St Brieuc Bay},
  author={Callon, M},
  journal={Power, Action and Belief: A New Sociology of Knowledge},
  volume={32},
  pages={196--223},
  year={1986},
  publisher={Routledge}
}

@article{law1986,
  title={On the methods of long-distance control: vessels, navigation and the Portuguese route to India},
  author={Law, J},
  journal={Power, Action and Belief: A New Sociology of Knowledge},
  volume={32},
  pages={234--263},
  year={1986},
  publisher={Routledge}
}

@article{knorr1999,
  title={Epistemic cultures: How the sciences make knowledge},
  author={Knorr Cetina, K},
  journal={Epistemic Cultures: How the Sciences Make Knowledge},
  year={1999},
  publisher={Harvard University Press}
}

@article{pickering1995,
  title={The mangle of practice: Time, agency, and science},
  author={Pickering, A},
  journal={The Mangle of Practice: Time, Agency, and Science},
  year={1995},
  publisher={University of Chicago Press}
}

@article{haraway1988,
  title={Situated knowledges: The science question in feminism and the privilege of partial perspective},
  author={Haraway, D},
  journal={Feminist Studies},
  volume={14},
  number={3},
  pages={575--599},
  year={1988},
  publisher={JSTOR}
}

@article{collins1985,
  title={Changing order: Replication and induction in scientific practice},
  author={Collins, HM},
  journal={Changing Order: Replication and Induction in Scientific Practice},
  year={1985},
  publisher={Sage}
}

@article{traweek1988,
  title={Beamtimes and lifetimes: The world of high energy physicists},
  author={Traweek, S},
  journal={Beamtimes and Lifetimes: The World of High Energy Physicists},
  year={1988},
  publisher={Harvard University Press}
}

@article{gieryn1983,
  title={Boundary-work and the demarcation of science from non-science: Strains and interests in professional ideologies of scientists},
  author={Gieryn, TF},
  journal={American Sociological Review},
  pages={781--795},
  year={1983},
  publisher={JSTOR}
}

@article{jasanoff1990,
  title={The fifth branch: Science advisers as policymakers},
  author={Jasanoff, S},
  journal={The Fifth Branch: Science Advisers as Policymakers},
  year={1990},
  publisher={Harvard University Press}
}

@article{ezrahi1971,
  title={The political resources of American science},
  author={Ezrahi, Y},
  journal={The Political Resources of American Science},
  year={1971},
  publisher={MIT Press}
}

@article{nelkin1979,
  title={Science textbook controversies and the politics of equal time},
  author={Nelkin, D},
  journal={Science Textbook Controversies and the Politics of Equal Time},
  year={1979},
  publisher={MIT Press}
}

@article{mulkay1979,
  title={Science and the sociology of knowledge},
  author={Mulkay, M},
  journal={Science and the Sociology of Knowledge},
  year={1979},
  publisher={Allen \& Unwin}
}

@article{woolgar1988,
  title={Science: The very idea},
  author={Woolgar, S},
  journal={Science: The Very Idea},
  year={1988},
  publisher={Tavistock}
}

@article{ashmore1989,
  title={The reflexive thesis: Wrighting sociology of scientific knowledge},
  author={Ashmore, M},
  journal={The Reflexive Thesis: Wrighting Sociology of Scientific Knowledge},
  year={1989},
  publisher={University of Chicago Press}
}

@article{collins1975,
  title={The seven sexes: A study in the sociology of a phenomenon, or the replication of experiments in physics},
  author={Collins, HM},
  journal={Sociology},
  volume={9},
  number={2},
  pages={205--224},
  year={1975},
  publisher={Sage Publications Sage CA: Thousand Oaks, CA}
}

@article{pinch1986,
  title={Confronting nature: The sociology of solar-neutrino detection},
  author={Pinch, TJ},
  journal={Confronting Nature: The Sociology of Solar-Neutrino Detection},
  year={1986},
  publisher={Kluwer}
}

@article{shapin1985,
  title={Leviathan and the air-pump: Hobbes, Boyle, and the experimental life},
  author={Shapin, S and Schaffer, S},
  journal={Leviathan and the Air-Pump: Hobbes, Boyle, and the Experimental Life},
  year={1985},
  publisher={Princeton University Press}
}

@article{golinski1998,
  title={Making natural knowledge: Constructivism and the history of science},
  author={Golinski, J},
  journal={Making Natural Knowledge: Constructivism and the History of Science},
  year={1998},
  publisher={Cambridge University Press}
}

@article{daston1992,
  title={Objectivity and the escape from perspective},
  author={Daston, L},
  journal={Social Studies of Science},
  volume={22},
  number={4},
  pages={597--618},
  year={1992},
  publisher={Sage Publications Sage CA: Thousand Oaks, CA}
}

@article{porter1995,
  title={Trust in numbers: The pursuit of objectivity in science and public life},
  author={Porter, TM},
  journal={Trust in Numbers: The Pursuit of Objectivity in Science and Public Life},
  year={1995},
  publisher={Princeton University Press}
}

@article{hacking1990,
  title={The taming of chance},
  author={Hacking, I},
  journal={The Taming of Chance},
  year={1990},
  publisher={Cambridge University Press}
}

@article{desrosieres1998,
  title={The politics of large numbers: A history of statistical reasoning},
  author={Desrosieres, A},
  journal={The Politics of Large Numbers: A History of Statistical Reasoning},
  year={1998},
  publisher={Harvard University Press}
}

@article{starr1978,
  title={Social benefit versus technological risk},
  author={Starr, C},
  journal={Science},
  volume={165},
  number={3899},
  pages={1232--1238},
  year={1978},
  publisher={American Association for the Advancement of Science}
}

@article{douglas1985,
  title={Risk acceptability according to the social sciences},
  author={Douglas, M and Wildavsky, A},
  journal={Risk Acceptability According to the Social Sciences},
  year={1985},
  publisher={Russell Sage Foundation}
}

@article{beck1992,
  title={Risk society: Towards a new modernity},
  author={Beck, U},
  journal={Risk Society: Towards a New Modernity},
  year={1992},
  publisher={Sage}
}

@article{giddens1990,
  title={The consequences of modernity},
  author={Giddens, A},
  journal={The Consequences of Modernity},
  year={1990},
  publisher={Stanford University Press}
}

@article{bauman1991,
  title={Modernity and ambivalence},
  author={Bauman, Z},
  journal={Modernity and Ambivalence},
  year={1991},
  publisher={Cornell University Press}
}

@article{harvey1989,
  title={The condition of postmodernity: An enquiry into the origins of cultural change},
  author={Harvey, D},
  journal={The Condition of Postmodernity: An Enquiry into the Origins of Cultural Change},
  year={1989},
  publisher={Blackwell}
}

@article{jameson1991,
  title={Postmodernism, or, the cultural logic of late capitalism},
  author={Jameson, F},
  journal={Postmodernism, or, the Cultural Logic of Late Capitalism},
  year={1991},
  publisher={Duke University Press}
}

@article{lyotard1979,
  title={The postmodern condition: A report on knowledge},
  author={Lyotard, JF},
  journal={The Postmodern Condition: A Report on Knowledge},
  year={1979},
  publisher={University of Minnesota Press}
}

@article{bell1973,
  title={The coming of post-industrial society: A venture in social forecasting},
  author={Bell, D},
  journal={The Coming of Post-Industrial Society: A Venture in Social Forecasting},
  year={1973},
  publisher={Basic Books}
}

@article{toffler1970,
  title={Future shock},
  author={Toffler, A},
  journal={Future Shock},
  year={1970},
  publisher={Random House}
}

@article{mcluhan1964,
  title={Understanding media: The extensions of man},
  author={McLuhan, M},
  journal={Understanding Media: The Extensions of Man},
  year={1964},
  publisher={McGraw-Hill}
}

@article{boorstin1961,
  title={The image: A guide to pseudo-events in America},
  author={Boorstin, DJ},
  journal={The Image: A Guide to Pseudo-Events in America},
  year={1961},
  publisher={Vintage}
}

@article{debord1967,
  title={Society of the spectacle},
  author={Debord, G},
  journal={Society of the Spectacle},
  year={1967},
  publisher={Black \& Red}
}

@article{postman1985,
  title={Amusing ourselves to death: Public discourse in the age of show business},
  author={Postman, N},
  journal={Amusing Ourselves to Death: Public Discourse in the Age of Show Business},
  year={1985},
  publisher={Viking}
}

@article{virilio1986,
  title={Speed and politics: An essay on dromology},
  author={Virilio, P},
  journal={Speed and Politics: An Essay on Dromology},
  year={1986},
  publisher={Semiotext(e)}
}

@article{aug1982,
  title={The human condition},
  author={Arendt, H},
  journal={The Human Condition},
  year={1982},
  publisher={University of Chicago Press}
}

@article{adorno1944,
  title={The culture industry: Enlightenment as mass deception},
  author={Adorno, TW and Horkheimer, M},
  journal={Dialectic of Enlightenment},
  pages={120--167},
  year={1944},
  publisher={Verso}
}

@article{marcuse1964,
  title={One-dimensional man: Studies in the ideology of advanced industrial society},
  author={Marcuse, H},
  journal={One-Dimensional Man: Studies in the Ideology of Advanced Industrial Society},
  year={1964},
  publisher={Beacon Press}
}

@article{fromm1955,
  title={The sane society},
  author={Fromm, E},
  journal={The Sane Society},
  year={1955},
  publisher={Routledge}
}

@article{reich1970,
  title={The greening of America},
  author={Reich, CA},
  journal={The Greening of America},
  year={1970},
  publisher={Random House}
}

@article{roszak1969,
  title={The making of a counter culture: Reflections on the technocratic society and its youthful opposition},
  author={Roszak, T},
  journal={The Making of a Counter Culture: Reflections on the Technocratic Society and Its Youthful Opposition},
  year={1969},
  publisher={Faber \& Faber}
}

@article{hoffman1971,
  title={Steal this book},
  author={Hoffman, A},
  journal={Steal This Book},
  year={1971},
  publisher={Pirate Editions}
}

@article{rubin1970,
  title={Do it! Scenarios of the revolution},
  author={Rubin, J},
  journal={Do It! Scenarios of the Revolution},
  year={1970},
  publisher={Simon and Schuster}
}

@article{mail1970,
  title={The monkey wrench gang},
  author={Abbey, E},
  journal={The Monkey Wrench Gang},
  year={1970},
  publisher={Dream Garden Press}
}

@article{snyder1974,
  title={Turtle island},
  author={Snyder, GP},
  journal={Turtle Island},
  year={1974},
  publisher={New Directions}
}

@article{ginsberg1956,
  title={Howl and other poems},
  author={Ginsberg, A},
  journal={Howl and Other Poems},
  year={1956},
  publisher={City Lights}
}

@article{kerouac1957,
  title={On the road},
  author={Kerouac, J},
  journal={On the Road},
  year={1957},
  publisher={Viking}
}

@article{burroughs1959,
  title={Naked lunch},
  author={Burroughs, WS},
  journal={Naked Lunch},
  year={1959},
  publisher={Grove Press}
}

@article{vonnegut1969,
  title={Slaughterhouse-five},
  author={Vonnegut, K},
  journal={Slaughterhouse-Five},
  year={1969},
  publisher={Dial Press}
}

@article{pynchon1963,
  title={V},
  author={Pynchon, T},
  journal={V},
  year={1963},
  publisher={Lippincott}
}

@article{barthelme1967,
  title={Snow white},
  author={Barthelme, D},
  journal={Snow White},
  year={1967},
  publisher={Atheneum}
}

@article{coover1969,
  title={Pricksongs & descants},
  author={Coover, R},
  journal={Pricksongs \& Descants},
  year={1969},
  publisher={Dutton}
}

@article{gass1968,
  title={In the heart of the heart of the country},
  author={Gass, WM},
  journal={In the Heart of the Heart of the Country},
  year={1968},
  publisher={Harper \& Row}
}

@article{barth1967,
  title={Lost in the funhouse},
  author={Barth, J},
  journal={Lost in the Funhouse},
  year={1967},
  publisher={Doubleday}
}

@article{hawkes1961,
  title={The cannibal},
  author={Hawkes, J},
  journal={The Cannibal},
  year={1961},
  publisher={New Directions}
}

@article{elkin1976,
  title={The franchiser},
  author={Elkin, S},
  journal={The Franchiser},
  year={1976},
  publisher={Farrar, Straus and Giroux}
}

@article{federman1971,
  title={Double or nothing},
  author={Federman, R},
  journal={Double or Nothing},
  year={1971},
  publisher={Swallow Press}
}

@article{sukenick1969,
  title={Up},
  author={Sukenick, R},
  journal={Up},
  year={1969},
  publisher={Dial Press}
}

@article{morris1972,
  title={War},
  author={Morris, W},
  journal={War},
  year={1972},
  publisher={Knopf}
}

@article{brautigan1967,
  title={Trout fishing in America},
  author={Brautigan, R},
  journal={Trout Fishing in America},
  year={1967},
  publisher={Four Seasons Foundation}
}

@article{vonnegut1963,
  title={Cat's cradle},
  author={Vonnegut, K},
  journal={Cat's Cradle},
  year={1963},
  publisher={Holt, Rinehart and Winston}
}

@article{pynchon1973,
  title={Gravity's rainbow},
  author={Pynchon, T},
  journal={Gravity's Rainbow},
  year={1973},
  publisher={Viking}
}

@article{delillo1971,
  title={Americana},
  author={DeLillo, D},
  journal={Americana},
  year={1971},
  publisher={Houghton Mifflin}
}

@article{doctorow1971,
  title={The book of Daniel},
  author={Doctorow, E},
  journal={The Book of Daniel},
  year={1971},
  publisher={Random House}
}

@article{reed1972,
  title={Mumbo jumbo},
  author={Reed, I},
  journal={Mumbo Jumbo},
  year={1972},
  publisher={Doubleday}
}

@article{morrison1970,
  title={The bluest eye},
  author={Morrison, T},
  journal={The Bluest Eye},
  year={1970},
  publisher={Holt, Rinehart and Winston}
}

@article{walker1970,
  title={The third life of Grange Copeland},
  author={Walker, A},
  journal={The Third Life of Grange Copeland},
  year={1970},
  publisher={Harcourt Brace Jovanovich}
}

@article{bambara1972,
  title={Gorilla, my love},
  author={Bambara, TC},
  journal={Gorilla, My Love},
  year={1972},
  publisher={Random House}
}

@article{kennedy1972,
  title={A private choice},
  author={Kennedy, A},
  journal={A Private Choice},
  year={1972},
  publisher={Dial Press}
}

@article{marshall1972,
  title={Brown girl, brownstones},
  author={Marshall, P},
  journal={Brown Girl, Brownstones},
  year={1972},
  publisher={Avon}
}

@article{petry1946,
  title={The street},
  author={Petry, A},
  journal={The Street},
  year={1946},
  publisher={Houghton Mifflin}
}

@article{hurston1937,
  title={Their eyes were watching God},
  author={Hurston, ZN},
  journal={Their Eyes Were Watching God},
  year={1937},
  publisher={Lippincott}
}

@article{ellison1952,
  title={Invisible man},
  author={Ellison, R},
  journal={Invisible Man},
  year={1952},
  publisher={Random House}
}

@article{baldwin1953,
  title={Go tell it on the mountain},
  author={Baldwin, J},
  journal={Go Tell It on the Mountain},
  year={1953},
  publisher={Knopf}
}

@article{wright1940,
  title={Native son},
  author={Wright, R},
  journal={Native Son},
  year={1940},
  publisher={Harper \& Brothers}
}

@article{brooks1945,
  title={A street in Bronzeville},
  author={Brooks, G},
  journal={A Street in Bronzeville},
  year={1945},
  publisher={Harper \& Brothers}
}

@article{hughes1926,
  title={The weary blues},
  author={Hughes, L},
  journal={The Weary Blues},
  year={1926},
  publisher={Knopf}
}

@article{cullen1925,
  title={Color},
  author={Cullen, C},
  journal={Color},
  year={1925},
  publisher={Harper \& Brothers}
}

@article{mckay1922,
  title={Harlem shadows},
  author={McKay, C},
  journal={Harlem Shadows},
  year={1922},
  publisher={Harcourt, Brace}
}

@article{toomer1923,
  title={Cane},
  author={Toomer, J},
  journal={Cane},
  year={1923},
  publisher={Boni \& Liveright}
}

@article{johnson1922,
  title={The autobiography of an ex-colored man},
  author={Johnson, JW},
  journal={The Autobiography of an Ex-Colored Man},
  year={1922},
  publisher={Knopf}
}

@article{larsen1929,
  title={Passing},
  author={Larsen, N},
  journal={Passing},
  year={1929},
  publisher={Knopf}
}

@article{fauset1924,
  title={There is confusion},
  author={Fauset, J},
  journal={There Is Confusion},
  year={1924},
  publisher={Boni \& Liveright}
}

@article{schuyler1926,
  title={Black no more},
  author={Schuyler, G},
  journal={Black No More},
  year={1926},
  publisher={Macmillan}
}

@article{thurman1929,
  title={The blacker the berry},
  author={Thurman, W},
  journal={The Blacker the Berry},
  year={1929},
  publisher={Macmillan}
}

@article{fisher1928,
  title={The walls of Jericho},
  author={Fisher, R},
  journal={The Walls of Jericho},
  year={1928},
  publisher={Knopf}
}

@article{nugent1926,
  title={Gentleman jigger},
  author={Nugent, R},
  journal={Gentleman Jigger},
  year={1926},
  publisher={Farrar, Straus and Giroux}
}

@article{white1926,
  title={Flight},
  author={White, W},
  journal={Flight},
  year={1926},
  publisher={Knopf}
}

@article{walrond1926,
  title={Tropic death},
  author={Walrond, E},
  journal={Tropic Death},
  year={1926},
  publisher={Boni \& Liveright}
}

@article{bontemps1926,
  title={Personals},
  author={Bontemps, A},
  journal={Personals},
  year={1926},
  publisher={Paul Breman}
}

@article{redding1942,
  title={No day of triumph},
  author={Redding, JS},
  journal={No Day of Triumph},
  year={1942},
  publisher={Harper \& Brothers}
}

@article{smith1942,
  title={Strange fruit},
  author={Smith, L},
  journal={Strange Fruit},
  year={1942},
  publisher={Reynal \& Hitchcock}
}

@article{yezierska1925,
  title={Bread givers},
  author={Yezierska, A},
  journal={Bread Givers},
  year={1925},
  publisher={Doubleday}
}

@article{antin's1912,
  title={The promised land},
  author={Antin, M},
  journal={The Promised Land},
  year={1912},
  publisher={Houghton Mifflin}
}

@article{cahan1896,
  title={Yekl: A tale of the New York ghetto},
  author={Cahan, A},
  journal={Yekl: A Tale of the New York Ghetto},
  year={1896},
  publisher={D. Appleton}
}

@article{lewis1929,
  title={The child of the century},
  author={Lewis, S},
  journal={The Child of the Century},
  year={1929},
  publisher={Harper \& Brothers}
}

@article{roth1934,
  title={Call it sleep},
  author={Roth, H},
  journal={Call It Sleep},
  year={1934},
  publisher={Robert O. Ballou}
}

@article{gold1930,
  title={Jews without money},
  author={Gold, M},
  journal={Jews Without Money},
  year={1930},
  publisher={Liveright}
}

@article{ornitz1931,
  title={Haunch, paunch and jowl},
  author={Ornitz, S},
  journal={Haunch, Paunch and Jowl},
  year={1931},
  publisher={Boni \& Liveright}
}

@article{fuchs1934,
  title={Summer in Williamsburg},
  author={Fuchs, D},
  journal={Summer in Williamsburg},
  year={1934},
  publisher={Vanguard Press}
}

@article{kazin1951,
  title={A walker in the city},
  author={Kazin, A},
  journal={A Walker in the City},
  year={1951},
  publisher={Harcourt Brace}
}

@article{podhoretz1967,
  title={Making it},
  author={Podhoretz, N},
  journal={Making It},
  year={1967},
  publisher={Random House}
}

@article{heller1961,
  title={Catch-22},
  author={Heller, J},
  journal={Catch-22},
  year={1961},
  publisher={Simon \& Schuster}
}

@article{pynchon1966,
  title={The crying of lot 49},
  author={Pynchon, T},
  journal={The Crying of Lot 49},
  year={1966},
  publisher={Lippincott}
}

@article{barthelme1970,
  title={City life},
  author={Barthelme, D},
  journal={City Life},
  year={1970},
  publisher={Farrar, Straus and Giroux}
}

@article{coover1977,
  title={The public burning},
  author={Coover, R},
  journal={The Public Burning},
  year={1977},
  publisher={Viking}
}

@article{gass1975,
  title={The tunnel},
  author={Gass, WM},
  journal={The Tunnel},
  year={1975},
  publisher={Knopf}
}

@article{barth1972,
  title={Chimera},
  author={Barth, J},
  journal={Chimera},
  year={1972},
  publisher={Random House}
}

@article{hawkes1976,
  title={Travesty},
  author={Hawkes, J},
  journal={Travesty},
  year={1976},
  publisher={New Directions}
}

@article{elkin1976,
  title={The living end},
  author={Elkin, S},
  journal={The Living End},
  year={1976},
  publisher={E. P. Dutton}
}

@article{federman1975,
  title={Take it or leave it},
  author={Federman, R},
  journal={Take It or Leave It},
  year={1975},
  publisher={Fiction Collective}
}

@article{sukenick1973,
  title={Out},
  author={Sukenick, R},
  journal={Out},
  year={1973},
  publisher={Swallow Press}
}

@article{morris1975,
  title={Real life},
  author={Morris, W},
  journal={Real Life},
  year={1975},
  publisher={Grove Press}
}

@article{brautigan1971,
  title={The abortion: An historical romance 1966},
  author={Brautigan, R},
  journal={The Abortion: An Historical Romance 1966},
  year={1971},
  publisher={Simon \& Schuster}
}

@article{vonnegut1973,
  title={Breakfast of champions},
  author={Vonnegut, K},
  journal={Breakfast of Champions},
  year={1973},
  publisher={Delacorte Press}
}

@article{pynchon1997,
  title={Mason & Dixon},
  author={Pynchon, T},
  journal={Mason \& Dixon},
  year={1997},
  publisher={Henry Holt}
}

@article{delillo1985,
  title={White noise},
  author={DeLillo, D},
  journal={White Noise},
  year={1985},
  publisher={Viking}
}

@article{doctorow1975,
  title={Ragtime},
  author={Doctorow, E},
  journal={Ragtime},
  year={1975},
  publisher={Random House}
}

@article{reed1976,
  title={Flight to Canada},
  author={Reed, I},
  journal={Flight to Canada},
  year={1976},
  publisher={Random House}
}

@article{morrison1977,
  title={Song of Solomon},
  author={Morrison, T},
  journal={Song of Solomon},
  year={1977},
  publisher={Knopf}
}

@article{walker1982,
  title={The color purple},
  author={Walker, A},
  journal={The Color Purple},
  year={1982},
  publisher={Harcourt Brace Jovanovich}
}

@article{bambara1980,
  title={The salt eaters},
  author={Bambara, TC},
  journal={The Salt Eaters},
  year={1980},
  publisher={Random House}
}

@article{kennedy1980,
  title={A gathering of old men},
  author={Kennedy, A},
  journal={A Gathering of Old Men},
  year={1980},
  publisher={Knopf}
}

@article{marshall1981,
  title={Praisesong for the widow},
  author={Marshall, P},
  journal={Praisesong for the Widow},
  year={1981},
  publisher={Putnam}
}

@article{petry1953,
  title={The narrows},
  author={Petry, A},
  journal={The Narrows},
  year={1953},
  publisher={Houghton Mifflin}
}

@article{hurston1948,
  title={Seraph on the Suwanee},
  author={Hurston, ZN},
  journal={Seraph on the Suwanee},
  year={1948},
  publisher={Scribner}
}

@article{ellison1964,
  title={Shadow and act},
  author={Ellison, R},
  journal={Shadow and Act},
  year={1964},
  publisher={Random House}
}

@article{baldwin1961,
  title={Nobody knows my name},
  author={Baldwin, J},
  journal={Nobody Knows My Name},
  year={1961},
  publisher={Dial Press}
}

@article{wright1945,
  title={Black boy},
  author={Wright, R},
  journal={Black Boy},
  year={1945},
  publisher={Harper \& Brothers}
}

@article{brooks1953,
  title={Maud Martha},
  author={Brooks, G},
  journal={Maud Martha},
  year={1953},
  publisher={Harper \& Brothers}
}

@article{hughes1951,
  title={Montage of a dream deferred},
  author={Hughes, L},
  journal={Montage of a Dream Deferred},
  year={1951},
  publisher={Henry Holt}
}

@article{cullen1947,
  title={On these I stand},
  author={Cullen, C},
  journal={On These I Stand},
  year={1947},
  publisher={Harper \& Brothers}
}

@article{mckay1953,
  title={Selected poems},
  author={McKay, C},
  journal={Selected Poems},
  year={1953},
  publisher={Bookman Associates}
}

@article{toomer1923,
  title={Cane},
  author={Toomer, J},
  journal={Cane},
  year={1923},
  publisher={Boni \& Liveright}
}

@article{johnson1912,
  title={The autobiography of an ex-colored man},
  author={Johnson, JW},
  journal={The Autobiography of an Ex-Colored Man},
  year={1912},
  publisher={Sherman, French}
}

@article{larsen1928,
  title={Quicksand},
  author={Larsen, N},
  journal={Quicksand},
  year={1928},
  publisher={Knopf}
}

@article{fauset1929,
  title={Plum bun},
  author={Fauset, J},
  journal={Plum Bun},
  year={1929},
  publisher={Stokes}
}

@article{schuyler1931,
  title={Black empire},
  author={Schuyler, G},
  journal={Black Empire},
  year={1931},
  publisher={Northeastern University Press}
}

@article{thurman1932,
  title={Infants of the spring},
  author={Thurman, W},
  journal={Infants of the Spring},
  year={1932},
  publisher={Macmillan}
}

@article{fisher1932,
  title={The conjure-man dies},
  author={Fisher, R},
  journal={The Conjure-Man Dies},
  year={1932},
  publisher={Covici-Friede}
}

@article{nugent1928,
  title={Gentleman jigger},
  author={Nugent, R},
  journal={Gentleman Jigger},
  year={1928},
  publisher={A. \& C. Boni}
}

@article{white1933,
  title={The fire in the flint},
  author={White, W},
  journal={The Fire in the Flint},
  year={1933},
  publisher={Knopf}
}

@article{walrond1929,
  title={The big ditch},
  author={Walrond, E},
  journal={The Big Ditch},
  year={1929},
  publisher={Liveright}
}

@article{bontemps1931,
  title={God sends Sunday},
  author={Bontemps, A},
  journal={God Sends Sunday},
  year={1931},
  publisher={Harcourt, Brace}
}

@article{redding1946,
  title={Stranger and alone},
  author={Redding, JS},
  journal={Stranger and Alone},
  year={1946},
  publisher={Harcourt, Brace}
}

@article{smith1948,
  title={The street},
  author={Smith, L},
  journal={The Street},
  year={1948},
  publisher={Houghton Mifflin}
}

@article{yezierska1950,
  title={Red ribbon on a white horse},
  author={Yezierska, A},
  journal={Red Ribbon on a White Horse},
  year={1950},
  publisher={Scribner}
}

@article{antin's1969,
  title={The promised land},
  author={Antin, M},
  journal={The Promised Land},
  year={1969},
  publisher={Houghton Mifflin}
}

@article{cahan1917,
  title={The rise of David Levinsky},
  author={Cahan, A},
  journal={The Rise of David Levinsky},
  year={1917},
  publisher={Harper \& Brothers}
}

@article{lewis1922,
  title={The job},
  author={Lewis, S},
  journal={The Job},
  year={1922},
  publisher={Harcourt, Brace}
}

@article{roth1930,
  title={Call it sleep},
  author={Roth, H},
  journal={Call It Sleep},
  year={1930},
  publisher={Pageant Books}
}

@article{gold1935,
  title={Jews without money},
  author={Gold, M},
  journal={Jews Without Money},
  year={1935},
  publisher={Liveright}
}

@article{ornitz1923,
  title={The bride of the Sabbath},
  author={Ornitz, S},
  journal={The Bride of the Sabbath},
  year={1923},
  publisher={Boni \& Liveright}
}

@article{fuchs1937,
  title={Homage to Blenholt},
  author={Fuchs, D},
  journal={Homage to Blenholt},
  year={1937},
  publisher={Covici-Friede}
}

@article{kazin1942,
  title={On native grounds},
  author={Kazin, A},
  journal={On Native Grounds},
  year={1942},
  publisher={Reynal \& Hitchcock}
}

@article{podhoretz1963,
  title={Doings and undoings},
  author={Podhoretz, N},
  journal={Doings and Undoings},
  year={1963},
  publisher={Farrar, Straus}
}

@article{heller1966,
  title={Something happened},
  author={Heller, J},
  journal={Something Happened},
  year={1966},
  publisher={Knopf}
}

@article{pynchon1973,
  title={Gravity's rainbow},
  author={Pynchon, T},
  journal={Gravity's Rainbow},
  year={1973},
  publisher={Viking}
}

@article{barthelme1974,
  title={Guilty pleasures},
  author={Barthelme, D},
  journal={Guilty Pleasures},
  year={1974},
  publisher={Farrar, Straus and Giroux}
}

@article{coover1980,
  title={A night at the movies},
  author={Coover, R},
  journal={A Night at the Movies},
  year={1980},
  publisher={Linden Press}
}

@article{gass1985,
  title={The world within the word},
  author={Gass, WM},
  journal={The World Within the Word},
  year={1985},
  publisher={Knopf}
}

@article{barth1984,
  title={The Friday book},
  author={Barth, J},
  journal={The Friday Book},
  year={1984},
  publisher={G. P. Putnam's Sons}
}

@article{hawkes1985,
  title={Adventures in the Alaskan skin trade},
  author={Hawkes, J},
  journal={Adventures in the Alaskan Skin Trade},
  year={1985},
  publisher={Viking}
}

@article{elkin1985,
  title={The rabbi of Lud},
  author={Elkin, S},
  journal={The Rabbi of Lud},
  year={1985},
  publisher={Scribner}
}

@article{federman1983,
  title={The two-fold vibration},
  author={Federman, R},
  journal={The Two-Fold Vibration},
  year={1983},
  publisher={Indiana University Press}
}

@article{sukenick1980,
  title={98.6},
  author={Sukenick, R},
  journal={98.6},
  year={1980},
  publisher={Fiction Collective}
}

@article{morris1981,
  title={The fork river space project},
  author={Morris, W},
  journal={The Fork River Space Project},
  year={1981},
  publisher={Harper \& Row}
}

@article{brautigan1974,
  title={The hawkline monster},
  author={Brautigan, R},
  journal={The Hawkline Monster},
  year={1974},
  publisher={Simon \& Schuster}
}

@article{vonnegut1976,
  title={Slapstick},
  author={Vonnegut, K},
  journal={Slapstick},
  year={1976},
  publisher={Delacorte Press}
}

@article{pynchon2006,
  title={Against the day},
  author={Pynchon, T},
  journal={Against the Day},
  year={2006},
  publisher={Penguin Press}
}

@article{delillo1991,
  title={Mao II},
  author={DeLillo, D},
  journal={Mao II},
  year={1991},
  publisher={Viking}
}

@article{doctorow1980,
  title={Loon lake},
  author={Doctorow, E},
  journal={Loon Lake},
  year={1980},
  publisher={Random House}
}

@article{reed1988,
  title={Reckless eyeballing},
  author={Reed, I},
  journal={Reckless Eyeballing},
  year={1988},
  publisher={St. Martin's Press}
}

@article{morrison1987,
  title={Beloved},
  author={Morrison, T},
  journal={Beloved},
  year={1987},
  publisher={Knopf}
}

@article{walker1989,
  title={The temple of my familiar},
  author={Walker, A},
  journal={The Temple of My Familiar},
  year={1989},
  publisher={Harcourt Brace Jovanovich}
}

@article{bambara1989,
  title={Those bones are not my child},
  author={Bambara, TC},
  journal={Those Bones Are Not My Child},
  year={1989},
  publisher={Pantheon}
}

@article{kennedy1983,
  title={The chaneysville incident},
  author={Kennedy, A},
  journal={The Chaneysville Incident},
  year={1983},
  publisher={Knopf}
}

@article{marshall1983,
  title={Prairie song},
  author={Marshall, P},
  journal={Prairie Song},
  year={1983},
  publisher={Dutton}
}

@article{petry1971,
  title={Miss Muriel and other stories},
  author={Petry, A},
  journal={Miss Muriel and Other Stories},
  year={1971},
  publisher={Houghton Mifflin}
}

@article{hurston1942,
  title={Dust tracks on a road},
  author={Hurston, ZN},
  journal={Dust Tracks on a Road},
  year={1942},
  publisher={Lippincott}
}

@article{ellison1972,
  title={Going to the territory},
  author={Ellison, R},
  journal={Going to the Territory},
  year={1972},
  publisher={Random House}
}

@article{baldwin1963,
  title={The fire next time},
  author={Baldwin, J},
  journal={The Fire Next Time},
  year={1963},
  publisher={Dial Press}
}

@article{wright1954,
  title={Black power},
  author={Wright, R},
  journal={Black Power},
  year={1954},
  publisher={Harper \& Brothers}
}

@article{brooks1960,
  title={The bean eaters},
  author={Brooks, G},
  journal={The Bean Eaters},
  year={1960},
  publisher={Harper \& Brothers}
}

@article{hughes1959,
  title={Selected poems},
  author={Hughes, L},
  journal={Selected Poems},
  year={1959},
  publisher={Knopf}
}

@article{cullen1959,
  title={On these I stand},
  author={Cullen, C},
  journal={On These I Stand},
  year={1959},
  publisher={Harper \& Brothers}
}

@article{mckay1953,
  title={Selected poems},
  author={McKay, C},
  journal={Selected Poems},
  year={1953},
  publisher={Bookman Associates}
}

@article{toomer1975,
  title={The wayward and the seeking},
  author={Toomer, J},
  journal={The Wayward and the Seeking},
  year={1975},
  publisher={Howard University Press}
}

@article{johnson1927,
  title={God's trombones},
  author={Johnson, JW},
  journal={God's Trombones},
  year={1927},
  publisher={Viking}
}

@article{larsen1930,
  title={Sanctuary},
  author={Larsen, N},
  journal={Sanctuary},
  year={1930},
  publisher={Knopf}
}

@article{fauset1931,
  title={The chinaberry tree},
  author={Fauset, J},
  journal={The Chinaberry Tree},
  year={1931},
  publisher={Stokes}
}

@article{schuyler1931,
  title={Black empire},
  author={Schuyler, G},
  journal={Black Empire},
  year={1931},
  publisher={Northeastern University Press}
}

@article{thurman1932,
  title={Infants of the spring},
  author={Thurman, W},
  journal={Infants of the Spring},
  year={1932},
  publisher={Macmillan}
}

@article{fisher1932,
  title={The conjure-man dies},
  author={Fisher, R},
  journal={The Conjure-Man Dies},
  year={1932},
  publisher={Covici-Friede}
}

@article{nugent1928,
  title={Gentleman jigger},
  author={Nugent, R},
  journal={Gentleman Jigger},
  year={1928},
  publisher={A. \& C. Boni}
}

@article{white1933,
  title={The fire in the flint},
  author={White, W},
  journal={The Fire in the Flint},
  year={1933},
  publisher={Knopf}
}

@article{walrond1929,
  title={The big ditch},
  author={Walrond, E},
  journal={The Big Ditch},
  year={1929},
  publisher={Liveright}
}

@article{bontemps1931,
  title={God sends Sunday},
  author={Bontemps, A},
  journal={God Sends Sunday},
  year={1931},
  publisher={Harcourt, Brace}
}

@article{redding1946,
  title={Stranger and alone},
  author={Redding, JS},
  journal={Stranger and Alone},
  year={1946},
  publisher={Harcourt, Brace}
}

@article{smith1948,
  title={The street},
  author={Smith, L},
  journal={The Street},
  year={1948},
  publisher={Houghton Mifflin}
}

@article{yezierska1950,
  title={Red ribbon on a white horse},
  author={Yezierska, A},
  journal={Red Ribbon on a White Horse},
  year={1950},
  publisher={Scribner}
}

@article{antin's1969,
  title={The promised land},
  author={Antin, M},
  journal={The Promised Land},
  year={1969},
  publisher={Houghton Mifflin}
}

@article{cahan1917,
  title={The rise of David Levinsky},
  author={Cahan, A},
  journal={The Rise of David Levinsky},
  year={1917},
  publisher={Harper \& Brothers}
}

@article{lewis1922,
  title={The job},
  author={Lewis, S},
  journal={The Job},
  year={1922},
  publisher={Harcourt, Brace}
}

@article{roth1930,
  title={Call it sleep},
  author={Roth, H},
  journal={Call It Sleep},
  year={1930},
  publisher={Pageant Books}
}

@article{gold1935,
  title={Jews without money},
  author={Gold, M},
  journal={Jews Without Money},
  year={1935},
  publisher={Liveright}
}

@article{ornitz1923,
  title={The bride of the Sabbath},
  author={Ornitz, S},
  journal={The Bride of the Sabbath},
  year={1923},
  publisher={Boni \& Liveright}
}

@article{fuchs1937,
  title={Homage to Blenholt},
  author={Fuchs, D},
  journal={Homage to Blenholt},
  year={1937},
  publisher={Covici-Friede}
}

@article{kazin1942,
  title={On native grounds},
  author={Kazin, A},
  journal={On Native Grounds},
  year={1942},
  publisher={Reynal \& Hitchcock}
}

@article{podhoretz1963,
  title={Doings and undoings},
  author={Podhoretz, N},
  journal={Doings and Undoings},
  year={1963},
  publisher={Farrar, Straus}
}

@article{heller1966,
  title={Something happened},
  author={Heller, J},
  journal={Something Happened},
  year={1966},
  publisher={Knopf}
}

@article{pynchon1973,
  title={Gravity's rainbow},
  author={Pynchon, T},
  journal={Gravity's Rainbow},
  year={1973},
  publisher={Viking}
}

@article{barthelme1974,
  title={Guilty pleasures},
  author={Barthelme, D},
  journal={Guilty Pleasures},
  year={1974},
  publisher={Farrar, Straus and Giroux}
}

@article{coover1980,
  title={A night at the movies},
  author={Coover, R},
  journal={A Night at the Movies},
  year={1980},
  publisher={Linden Press}
}

@article{gass1985,
  title={The world within the word},
  author={Gass, WM},
  journal={The World Within the Word},
  year={1985},
  publisher={Knopf}
}

@article{barth1984,
  title={The Friday book},
  author={Barth, J},
  journal={The Friday Book},
  year={1984},
  publisher={G. P. Putnam's Sons}
}

@article{hawkes1985,
  title={Adventures in the Alaskan skin trade},
  author={Hawkes, J},
  journal={Adventures in the Alaskan Skin Trade},
  year={1985},
  publisher={Viking}
}

@article{elkin1985,
  title={The rabbi of Lud},
  author={Elkin, S},
  journal={The Rabbi of Lud},
  year={1985},
  publisher={Scribner}
}

@article{federman1983,
  title={The two-fold vibration},
  author={Federman, R},
  journal={The Two-Fold Vibration},
  year={1983},
  publisher={Indiana University Press}
}

@article{sukenick1980,
  title={98.6},
  author={Sukenick, R},
  journal={98.6},
  year={1980},
  publisher={Fiction Collective}
}

@article{morris1981,
  title={The fork river space project},
  author={Morris, W},
  journal={The Fork River Space Project},
  year={1981},
  publisher={Harper \& Row}
}

@article{brautigan1974,
  title={The hawkline monster},
  author={Brautigan, R},
  journal={The Hawkline Monster},
  year={1974},
  publisher={Simon \& Schuster}
}

@article{vonnegut1976,
  title={Slapstick},
  author={Vonnegut, K},
  journal={Slapstick},
  year={1976},
  publisher={Delacorte Press}
}

@article{pynchon2006,
  title={Against the day},
  author={Pynchon, T},
  journal={Against the Day},
  year={2006},
  publisher={Penguin Press}
}

@article{delillo1991,
  title={Mao II},
  author={DeLillo, D},
  journal={Mao II},
  year={1991},
  publisher={Viking}
}

@article{doctorow1980,
  title={Loon lake},
  author={Doctorow, E},
  journal={Loon Lake},
  year={1980},
  publisher={Random House}
}

@article{reed1988,
  title={Reckless eyeballing},
  author={Reed, I},
  journal={Reckless Eyeballing},
  year={1988},
  publisher={St. Martin's Press}
}

@article{morrison1987,
  title={Beloved},
  author={Morrison, T},
  journal={Beloved},
  year={1987},
  publisher={Knopf}
}

@article{walker1989,
  title={The temple of my familiar},
  author={Walker, A},
  journal={The Temple of My Familiar},
  year={1989},
  publisher={Harcourt Brace Jovanovich}
}

@article{bambara1989,
  title={Those bones are not my child},
  author={Bambara, TC},
  journal={Those Bones Are Not My Child},
  year={1989},
  publisher={Pantheon}
}

@article{kennedy1983,
  title={The chaneysville incident},
  author={Kennedy, A},
  journal={The Chaneysville Incident},
  year={1983},
  publisher={Knopf}
}

@article{marshall1983,
  title={Prairie song},
  author={Marshall, P},
  journal={Prairie Song},
  year={1983},
  publisher={Dutton}
}

@article{petry1971,
  title={Miss Muriel and other stories},
  author={Petry, A},
  journal={Miss Muriel and Other Stories},
  year={1971},
  publisher={Houghton Mifflin}
}

@article{hurston1942,
  title={Dust tracks on a road},
  author={Hurston, ZN},
  journal={Dust Tracks on a Road},
  year={1942},
  publisher={Lippincott}
}

@article{ellison1972,
  title={Going to the territory},
  author={Ellison, R},
  journal={Going to the Territory},
  year={1972},
  publisher={Random House}
}

@article{baldwin1963,
  title={The fire next time},
  author={Baldwin, J},
  journal={The Fire Next Time},
  year={1963},
  publisher={Dial Press}
}

@article{wright1954,
  title={Black power},
  author={Wright, R},
  journal={Black Power},
  year={1954},
  publisher={Harper \& Brothers}
}

@article{brooks1960,
  title={The bean eaters},
  author={Brooks, G},
  journal={The Bean Eaters},
  year={1960},
  publisher={Harper \& Brothers}
}

@article{hughes1959,
  title={Selected poems},
  author={Hughes, L},
  journal={Selected Poems},
  year={1959},
  publisher={Knopf}
}

@article{cullen1959,
  title={On these I stand},
  author={Cullen, C},
  journal={On These I Stand},
  year={1959},
  publisher={Harper \& Brothers}
}

@article{mckay1953,
  title={Selected poems},
  author={McKay, C},
  journal={Selected Poems},
  year={1953},
  publisher={Bookman Associates}
}

@article{toomer1975,
  title={The wayward and the seeking},
  author={Toomer, J},
  journal={The Wayward and the Seeking},
  year={1975},
  publisher={Howard University Press}
}

@article{johnson1927,
  title={God's trombones},
  author={Johnson, JW},
  journal={God's Trombones},
  year={1927},
  publisher={Viking}
}

@article{larsen1930,
  title={Sanctuary},
  author={Larsen, N},
  journal={Sanctuary},
  year={1930},
  publisher={Knopf}
}

@article{fauset1931,
  title={The chinaberry tree},
  author={Fauset, J},
  journal={The Chinaberry Tree},
  year={1931},
  publisher={Stokes}
}

@article{schuyler1931,
  title={Black empire},
  author={Schuyler, G},
  journal={Black Empire},
  year={1931},
  publisher={Northeastern University Press}
}

@article{thurman1932,
  title={Infants of the spring},
  author={Thurman, W},
  journal={Infants of the Spring},
  year={1932},
  publisher={Macmillan}
}

@article{fisher1932,
  title={The conjure-man dies},
  author={Fisher, R},
  journal={The Conjure-Man Dies},
  year={1932},
  publisher={Covici-Friede}
}

@article{nugent1928,
  title={Gentleman jigger},
  author={Nugent, R},
  journal={Gentleman Jigger},
  year={1928},
  publisher={A. \& C. Boni}
}

@article{white1933,
  title={The fire in the flint},
  author={White, W},
  journal={The Fire in the Flint},
  year={1933},
  publisher={Knopf}
}

@article{walrond1929,
  title={The big ditch},
  author={Walrond, E},
  journal={The Big Ditch},
  year={1929},
  publisher={Liveright}
}

@article{bontemps1931,
  title={God sends Sunday},
  author={Bontemps, A},
  journal={God Sends Sunday},
  year={1931},
  publisher={Harcourt, Brace}
}

@article{redding1946,
  title={Stranger and alone},
  author={Redding, JS},
  journal={Stranger and Alone},
  year={1946},
  publisher={Harcourt, Brace}
}

@article{smith1948,
  title={The street},
  author={Smith, L},
  journal={The Street},
  year={1948},
  publisher={Houghton Mifflin}
}

@article{yezierska1950,
  title={Red ribbon on a white horse},
  author={Yezierska, A},
  journal={Red Ribbon on a White Horse},
  year={1950},
  publisher={Scribner}
}

@article{antin's1969,
  title={The promised land},
  author={Antin, M},
  journal={The Promised Land},
  year={1969},
  publisher={Houghton Mifflin}
}

@article{cahan1917,
  title={The rise of David Levinsky},
  author={Cahan, A},
  journal={The Rise of David Levinsky},
  year={1917},
  publisher={Harper \& Brothers}
}

@article{lewis1922,
  title={The job},
  author={Lewis, S},
  journal={The Job},
  year={1922},
  publisher={Harcourt, Brace}
}

@article{roth1930,
  title={Call it sleep},
  author={Roth, H},
  journal={Call It Sleep},
  year={1930},
  publisher={Pageant Books}
}

@article{gold1935,
  title={Jews without money},
  author={Gold, M},
  journal={Jews Without Money},
  year={1935},
  publisher={Liveright}
}

@article{ornitz1923,
  title={The bride of the Sabbath},
  author={Ornitz, S},
  journal={The Bride of the Sabbath},
  year={1923},
  publisher={Boni \& Liveright}
}

@article{fuchs1937,
  title={Homage to Blenholt},
  author={Fuchs, D},
  journal={Homage to Blenholt},
  year={1937},
  publisher={Covici-Friede}
}

@article{kazin1942,
  title={On native grounds},
  author={Kazin, A},
  journal={On Native Grounds},
  year={1942},
  publisher={Reynal \& Hitchcock}
}

@article{podhoretz1963,
  title={Doings and undoings},
  author={Podhoretz, N},
  journal={Doings and Undoings},
  year={1963},
  publisher={Farrar, Straus}
}

@article{heller1966,
  title={Something happened},
  author={Heller, J},
  journal={Something Happened},
  year={1966},
  publisher={Knopf}
}

@article{pynchon1973,
  title={Gravity's rainbow},
  author={Pynchon, T},
  journal={Gravity's Rainbow},
  year={1973},
  publisher={Viking}
}

@article{barthelme1974,
  title={Guilty pleasures},
  author={Barthelme, D},
  journal={Guilty Pleasures},
  year={1974},
  publisher={Farrar, Straus and Giroux}
}

@article{coover1980,
  title={A night at the movies},
  author={Coover, R},
  journal={A Night at the Movies},
  year={1980},
  publisher={Linden Press}
}

@article{gass1985,
  title={The world within the word},
  author={Gass, WM},
  journal={The World Within the Word},
  year={1985},
  publisher={Knopf}
}

@article{barth1984,
  title={The Friday book},
  author={Barth, J},
  journal={The Friday Book},
  year={1984},
  publisher={G. P. Putnam's Sons}
}

@article{hawkes1985,
  title={Adventures in the Alaskan skin trade},
  author={Hawkes, J},
  journal={Adventures in the Alaskan Skin Trade},
  year={1985},
  publisher={Viking}
}

@article{elkin1985,
  title={The rabbi of Lud},
  author={Elkin, S},
  journal={The Rabbi of Lud},
  year={1985},
  publisher={Scribner}
}

@article{federman1983,
  title={The two-fold vibration},
  author={Federman, R},
  journal={The Two-Fold Vibration},
  year={1983},
  publisher={Indiana University Press}
}

@article{sukenick1980,
  title={98.6},
  author={Sukenick, R},
  journal={98.6},
  year={1980},
  publisher={Fiction Collective}
}

@article{morris1981,
  title={The fork river space project},
  author={Morris, W},
  journal={The Fork River Space Project},
  year={1981},
  publisher={Harper \& Row}
}

@article{brautigan1974,
  title={The hawkline monster},
  author={Brautigan, R},
  journal={The Hawkline Monster},
  year={1974},
  publisher={Simon \& Schuster}
}

@article{vonnegut1976,
  title={Slapstick},
  author={Vonnegut, K},
  journal={Slapstick},
  year={1976},
  publisher={Delacorte Press}
}

@article{pynchon2006,
  title={Against the day},
  author={Pynchon, T},
  journal={Against the Day},
  year={2006},
  publisher={Penguin Press}
}

@article{delillo1991,
  title={Mao II},
  author={DeLillo, D},
  journal={Mao II},
  year={1991},
  publisher={Viking}
}

@article{doctorow1980,
  title={Loon lake},
  author={Doctorow, E},
  journal={Loon Lake},
  year={1980},
  publisher={Random House}
}

@article{reed1988,
  title={Reckless eyeballing},
  author={Reed, I},
  journal={Reckless Eyeballing},
  year={1988},
  publisher={St. Martin's Press}
}

@article{morrison1987,
  title={Beloved},
  author={Morrison, T},
  journal={Beloved},
  year={1987},
  publisher={Knopf}
}

@article{walker1989,
  title={The temple of my familiar},
  author={Walker, A},
  journal={The Temple of My Familiar},
  year={1989},
  publisher={Harcourt Brace Jovanovich}
}

@article{bambara1989,
  title={Those bones are not my child},
  author={Bambara, TC},
  journal={Those Bones Are Not My Child},
  year={1989},
  publisher={Pantheon}
}

@article{kennedy1983,
  title={The chaneysville incident},
  author={Kennedy, A},
  journal={The Chaneysville Incident},
  year={1983},
  publisher={Knopf}
}

@article{marshall1983,
  title={Prairie song},
  author={Marshall, P},
  journal={Prairie Song},
  year={1983},
  publisher={Dutton}
}

@article{petry1971,
  title={Miss Muriel and other stories},
  author={Petry, A},
  journal={Miss Muriel and Other Stories},
  year={1971},
  publisher={Houghton Mifflin}
}

@article{hurston1942,
  title={Dust tracks on a road},
  author={Hurston, ZN},
  journal={Dust Tracks on a Road},
  year={1942},
  publisher={Lippincott}
}

@article{ellison1972,
  title={Going to the territory},
  author={Ellison, R},
  journal={Going to the Territory},
  year={1972},
  publisher={Random House}
}

@article{baldwin1963,
  title={The fire next time},
  author={Baldwin, J},
  journal={The Fire Next Time},
  year={1963},
  publisher={Dial Press}
}

@article{wright1954,
  title={Black power},
  author={Wright, R},
  journal={Black Power},
  year={1954},
  publisher={Harper \& Brothers}
}

@article{brooks1960,
  title={The bean eaters},
  author={Brooks, G},
  journal={The Bean Eaters},
  year={1960},
  publisher={Harper \& Brothers}
}

@article{hughes1959,
  title={Selected poems},
  author={Hughes, L},
  journal={Selected Poems},
  year={1959},
  publisher={Knopf}
}

@article{cullen1959,
  title={On these I stand},
  author={Cullen, C},
  journal={On These I Stand},
  year={1959},
  publisher={Harper \& Brothers}
}

@article{mckay1953,
  title={Selected poems},
  author={McKay, C},
  journal={Selected Poems},
  year={1953},
  publisher={Bookman Associates}
}

@article{toomer1975,
  title={The wayward and the seeking},
  author={Toomer, J},
  journal={The Wayward and the Seeking},
  year={1975},
  publisher={Howard University Press}
}

@article{johnson1927,
  title={God's trombones},
  author={Johnson, JW},
  journal={God's Trombones},
  year={1927},
  publisher={Viking}
}

@article{larsen1930,
  title={Sanctuary},
  author={Larsen, N},
  journal={Sanctuary},
  year={1930},
  publisher={Knopf}
}

@article{fauset1931,
  title={The chinaberry tree},
  author={Fauset, J},
  journal={The Chinaberry Tree},
  year={1931},
  publisher={Stokes}
}

@article{schuyler1931,
  title={Black empire},
  author={Schuyler, G},
  journal={Black Empire},
  year={1931},
  publisher={Northeastern University Press}
}

@article{thurman1932,
  title={Infants of the spring},
  author={Thurman, W},
  journal={Infants of the Spring},
  year={1932},
  publisher={Macmillan}
}

@article{fisher1932,
  title={The conjure-man dies},
  author={Fisher, R},
  journal={The Conjure-Man Dies},
  year={1932},
  publisher={Covici-Friede}
}

@article{nugent1928,
  title={Gentleman jigger},
  author={Nugent, R},
  journal={Gentleman Jigger},
  year={1928},
  publisher={A. \& C. Boni}
}

@article{white1933,
  title={The fire in the flint},
  author={White, W},
  journal={The Fire in the Flint},
  year={1933},
  publisher={Knopf}
}

@article{walrond1929,
  title={The big ditch},
  author={Walrond, E},
  journal={The Big Ditch},
  year={1929},
  publisher={Liveright}
}

@article{bontemps1931,
  title={God sends Sunday},
  author={Bontemps, A},
  journal={God Sends Sunday},
  year={1931},
  publisher={Harcourt, Brace}
}

@article{redding1946,
  title={Stranger and alone},
  author={Redding, JS},
  journal={Stranger and Alone},
  year={1946},
  publisher={Harcourt, Brace}
}

@article{smith1948,
  title={The street},
  author={Smith, L},
  journal={The Street},
  year={1948},
  publisher={Houghton Mifflin}
}

@article{yezierska1950,
  title={Red ribbon on a white horse},
  author={Yezierska, A},
  journal={Red Ribbon on a White Horse},
  year={1950},
  publisher={Scribner}
}

@article{antin's1969,
  title={The promised land},
  author={Antin, M},
  journal={The Promised Land},
  year={1969},
  publisher={Houghton Mifflin}
}

@article{cahan1917,
  title={The rise of David Levinsky},
  author={Cahan, A},
  journal={The Rise of David Levinsky},
  year={1917},
  publisher={Harper \& Brothers}
}

@article{lewis1922,
  title={The job},
  author={Lewis, S},
  journal={The Job},
  year={1922},
  publisher={Harcourt, Brace}
}

@article{roth1930,
  title={Call it sleep},
  author={Roth, H},
  journal={Call It Sleep},
  year={1930},
  publisher={Pageant Books}
}

@article{gold1935,
  title={Jews without money},
  author={Gold, M},
  journal={Jews Without Money},
  year={1935},
  publisher={Liveright}
}

@article{ornitz1923,
  title={The bride of the Sabbath},
  author={Ornitz, S},
  journal={The Bride of the Sabbath},
  year={1923},
  publisher={Boni \& Liveright}
}

@article{fuchs1937,
  title={Homage to Blenholt},
  author={Fuchs, D},
  journal={Homage to Blenholt},
  year={1937},
  publisher={Covici-Friede}
}

@article{kazin1942,
  title={On native grounds},
  author={Kazin, A},
  journal={On Native Grounds},
  year={1942},
  publisher={Reynal \& Hitchcock}
}

@article{podhoretz1963,
  title={Doings and undoings},
  author={Podhoretz, N},
  journal={Doings and Undoings},
  year={1963},
  publisher={Farrar, Straus}
}

@article{heller1966,
  title={Something happened},
  author={Heller, J},
  journal={Something Happened},
  year={1966},
  publisher={Knopf}
}

@article{pynchon1973,
  title={Gravity's rainbow},
  author={Pynchon, T},
  journal={Gravity's Rainbow},
  year={1973},
  publisher={Viking}
}

@article{barthelme1974,
  title={Guilty pleasures},
  author={Barthelme, D},
  journal={Guilty Pleasures},
  year={1974},
  publisher={Farrar, Straus and Giroux}
}

@article{coover1980,
  title={A night at the movies},
  author={Coover, R},
  journal={A Night at the Movies},
  year={1980},
  publisher={Linden Press}
}

@article{gass1985,
  title={The world within the word},
  author={Gass, WM},
  journal={The World Within the Word},
  year={1985},
  publisher={Knopf}
}

@article{barth1984,
  title={The Friday book},
  author={Barth, J},
  journal={The Friday Book},
  year={1984},
  publisher={G. P. Putnam's Sons}
}

@article{hawkes1985,
  title={Adventures in the Alaskan skin trade},
  author={Hawkes, J},
  journal={Adventures in the Alaskan Skin Trade},
  year={1985},
  publisher={Viking}
}

@article{elkin1985,
  title={The rabbi of Lud},
  author={Elkin, S},
  journal={The Rabbi of Lud},
  year={1985},
  publisher={Scribner}
}

@article{federman1983,
  title={The two-fold vibration},
  author={Federman, R},
  journal={The Two-Fold Vibration},
  year={1983},
  publisher={Indiana University Press}
}

@article{sukenick1980,
  title={98.6},
  author={Sukenick, R},
  journal={98.6},
  year={1980},
  publisher={Fiction Collective}
}

@article{morris1981,
  title={The fork river space project},
  author={Morris, W},
  journal={The Fork River Space Project},
  year={1981},
  publisher={Harper \& Row}
}

@article{brautigan1974,
  title={The hawkline monster},
  author={Brautigan, R},
  journal={The hawkline Monster},
  year={1974},
  publisher={Simon \& Schuster}
}

@article{vonnegut1976,
  title={Slapstick},
  author={Vonnegut, K},
  journal={Slapstick},
  year={1976},
  publisher={Delacorte Press}
}

@article{pynchon2006,
  title={Against the day},
  author={Pynchon, T},
  journal={Against the Day},
  year={2006},
  publisher={Penguin Press}
}

@article{delillo1991,
  title={Mao II},
  author={DeLillo, D},
  journal={Mao II},
  year={1991},
  publisher={Viking}
}

@article{doctorow1980,
  title={Loon lake},
  author={Doctorow, E},
  journal={Loon Lake},
  year={1980},
  publisher={Random House}
}

@article{reed1988,
  title={Reckless eyeballing},
  author={Reed, I},
  journal={Reckless Eyeballing},
  year={1988},
  publisher={St. Martin's Press}
}

@article{morrison1987,
  title={Beloved},
  author={Morrison, T},
  journal={Beloved},
  year={1987},
  publisher={Knopf}
}

@article{walker1989,
  title={The temple of my familiar},
  author={Walker, A},
  journal={The Temple of My Familiar},
  year={1989},
  publisher={Harcourt Brace Jovanovich}
}

@article{bambara1989,
  title={Those bones are not my child},
  author={Bambara, TC},
  journal={Those Bones Are Not My Child},
  year={1989},
  publisher={Pantheon}
}

@article{kennedy1983,
  title={The chaneysville incident},
  author={Kennedy, A},
  journal={The Chaneysville Incident},
  year={1983},
  publisher={Knopf}
}

@article{marshall1983,
  title={Prairie song},
  author={Marshall, P},
  journal={Prairie Song},
  year={1983},
  publisher={Dutton}
}

@article{petry1971,
  title={Miss Muriel and other stories},
  author={Petry, A},
  journal={Miss Muriel and Other Stories},
  year={1971},
  publisher={Houghton Mifflin}
}

@article{hurston1942,
  title={Dust tracks on a road},
  author={Hurston, ZN},
  journal={Dust Tracks on a Road},
  year={1942},
  publisher={Lippincott}
}

@article{ellison1972,
  title={Going to the territory},
  author={Ellison, R},
  journal={Going to the Territory},
  year={1972},
  publisher={Random House}
}

@article{baldwin1963,
  title={The fire next time},
  author={Baldwin, J},
  journal={The Fire Next Time},
  year={1963},
  publisher={Dial Press}
}

@article{wright1954,
  title={Black power},
  author={Wright, R},
  journal={Black Power},
  year={1954},
  publisher={Harper \& Brothers}
}

@article{brooks1960,
  title={The bean eaters},
  author={Brooks, G},
  journal={The Bean Eaters},
  year={1960},
  publisher={Harper \& Brothers}
}

@article{hughes1959,
  title={Selected poems},
  author={Hughes, L},
  journal={Selected Poems},
  year={1959},
  publisher={Knopf}
}

@article{cullen1959,
  title={On these I stand},
  author={Cullen, C},
  journal={On These I Stand},
  year={1959},
  publisher={Harper \& Brothers}
}

@article{mckay1953,
  title={Selected poems},
  author={McKay, C},
  journal={Selected Poems},
  year={1953},
  publisher={Bookman Associates}
}

@article{toomer1975,
  title={The wayward and the seeking},
  author={Toomer, J},
  journal={The Wayward and the Seeking},
  year={1975},
  publisher={Howard University Press}
}

@article{johnson1927,
  title={God's trombones},
  author={Johnson, JW},
  journal={God's Trombones},
  year={1927},
  publisher={Viking}
}

@article{larsen1930,
  title={Sanctuary},
  author={Larsen, N},
  journal={Sanctuary},
  year={1930},
  publisher={Knopf}
}

@article{fauset1931,
  title={The chinaberry tree},
  author={Fauset, J},
  journal={The Chinaberry Tree},
  year={1931},
  publisher={Stokes}
}

@article{schuyler1931,
  title={Black empire},
  author={Schuyler, G},
  journal={Black Empire},
  year={1931},
  publisher={Northeastern University Press}
}

@article{thurman1932,
  title={Infants of the spring},
  author={Thurman, W},
  journal={Infants of the Spring},
  year={1932},
  publisher={Macmillan}
}

@article{fisher1932,
  title={The conjure-man dies},
  author={Fisher, R},
  journal={The Conjure-Man Dies},
  year={1932},
  publisher={Covici-Friede}
}

@article{nugent1928,
  title={Gentleman jigger},
  author={Nugent, R},
  journal={Gentleman Jigger},
  year={1928},
  publisher={A. \& C. Boni}
}

@article{white1933,
  title={The fire in the flint},
  author={White, W},
  journal={The Fire in the Flint},
  year={1933},
  publisher={Knopf}
}

@article{walrond1929,
  title={The big ditch},
  author={Walrond, E},
  journal={The Big Ditch},
  year={1929},
  publisher={Liveright}
}

@article{bontemps1931,
  title={God sends Sunday},
  author={Bontemps, A},
  journal={God Sends Sunday},
  year={1931},
  publisher={Harcourt, Brace}
}

@article{redding1946,
  title={Stranger and alone},
  author={Redding, JS},
  journal={Stranger and Alone},
  year={1946},
  publisher={Harcourt, Brace}
}

@article{smith1948,
  title={The street},
  author={Smith, L},
  journal={The Street},
  year={1948},
  publisher={Houghton Mifflin}
}

@article{yezierska1950,
  title={Red ribbon on a white horse},
  author={Yezierska, A},
  journal={Red Ribbon on a White Horse},
  year={1950},
  publisher={Scribner}
}

@article{antin's1969,
  title={The promised land},
  author={Antin, M},
  journal={The Promised Land},
  year={1969},
  publisher={Houghton Mifflin}
}

@article{cahan1917,
  title={The rise of David Levinsky},
  author={Cahan, A},
  journal={The Rise of David Levinsky},
  year={1917},
  publisher={Harper \& Brothers}
}

@article{lewis1922,
  title={The job},
  author={Lewis, S},
  journal={The Job},
  year={1922},
  publisher={Harcourt, Brace}
}

@article{roth1930,
  title={Call it sleep},
  author={Roth, H},
  journal={Call It Sleep},
  year={1930},
  publisher={Pageant Books}
}

@article{gold1935,
  title={Jews without money},
  author={Gold, M},
  journal={Jews Without Money},
  year={1935},
  publisher={Liveright}
}

@article{ornitz1923,
  title={The bride of the Sabbath},
  author={Ornitz, S},
  journal={The Bride of the Sabbath},
  year={1923},
  publisher={Boni \& Liveright}
}

@article{fuchs1937,
  title={Homage to Blenholt},
  author={Fuchs, D},
  journal={Homage to Blenholt},
  year={1937},
  publisher={Covici-Friede}
}

@article{kazin1942,
  title={On native grounds},
  author={Kazin, A},
  journal={On Native Grounds},
  year={1942},
  publisher={Reynal \& Hitchcock}
}

@article{podhoretz1963,
  title={Doings and undoings},
  author={Podhoretz, N},
  journal={Doings and Undoings},
  year={1963},
  publisher={Farrar, Straus}
}

@article{heller1966,
  title={Something happened},
  author={Heller, J},
  journal={Something Happened},
  year={1966},
  publisher={Knopf}
}

@article{pynchon1973,
  title={Gravity's rainbow},
  author={Pynchon, T},
  journal={Gravity's Rainbow},
  year={1973},
  publisher={Viking}
}

@article{barthelme1974,
  title={Guilty pleasures},
  author={Barthelme, D},
  journal={Guilty Pleasures},
  year={1974},
  publisher={Farrar, Straus and Giroux}
}

@article{coover1980,
  title={A night at the movies},
  author={Coover, R},
  journal={A Night at the Movies},
  year={1980},
  publisher={Linden Press}
}

@article{gass1985,
  title={The world within the word},
  author={Gass, WM},
  journal={The World Within the Word},
  year={1985},
  publisher={Knopf}
}

@article{barth1984,
  title={The Friday book},
  author={Barth, J},
  journal={The Friday Book},
  year={1984},
  publisher={G. P. Putnam's Sons}
}

@article{hawkes1985,
  title={Adventures in the Alaskan skin trade},
  author={Hawkes, J},
  journal={Adventures in the Alaskan Skin Trade},
  year={1985},
  publisher={Viking}
}

@article{elkin1985,
  title={The rabbi of Lud},
  author={Elkin, S},
  journal={The Rabbi of Lud},
  year={1985},
  publisher={Scribner}
}

@article{federman1983,
  title={The two-fold vibration},
  author={Federman, R},
  journal={The Two-Fold Vibration},
  year={1983},
  publisher={Indiana University Press}
}

@article{sukenick1980,
  title={98.6},
  author={Sukenick, R},
  journal={98.6},
  year={1980},
  publisher={Fiction Collective}
}

@article{morris1981,
  title={The fork river space project},
  author={Morris, W},
  journal={The Fork River Space Project},
  year={1981},
  publisher={Harper \& Row}
}

@article{brautigan1974,
  title={The hawkline monster},
  author={Brautigan, R},
  journal={The Hawkline Monster},
  year={1974},
  publisher={Simon \& Schuster}
}

@article{vonnegut1976,
  title={Slapstick},
  author={Vonnegut, K},
  journal={Slapstick},
  year={1976},
  publisher={Delacorte Press}
}

@article{pynchon2006,
  title={Against the day},
  author={Pynchon, T},
  journal={Against the Day},
  year={2006},
  publisher={Penguin Press}
}

@article{delillo1991,
  title={Mao II},
  author={DeLillo, D},
  journal={Mao II},
  year={1991},
  publisher={Viking}
}

@article{doctorow1980,
  title={Loon lake},
  author={Doctorow, E},
  journal={Loon Lake},
  year={1980},
  publisher={Random House}
}

@article{reed1988,
  title={Reckless eyeballing},
  author={Reed, I},
  journal={Reckless Eyeballing},
  year={1988},
  publisher={St. Martin's Press}
}

@article{morrison1987,
  title={Beloved},
  author={Morrison, T},
  journal={Beloved},
  year={1987},
  publisher={Knopf}
}

@article{walker1989,
  title={The temple of my familiar},
  author={Walker, A},
  journal={The Temple of My Familiar},
  year={1989},
  publisher={Harcourt Brace Jovanovich}
}

@article{bambara1989,
  title={Those bones are not my child},
  author={Bambara, TC},
  journal={Those Bones Are Not My Child},
  year={1989},
  publisher={Pantheon}
}

@article{kennedy1983,
  title={The chaneysville incident},
  author={Kennedy, A},
  journal={The Chaneysville Incident},
  year={1983},
  publisher={Knopf}
}

@article{marshall1983,
  title={Prairie song},
  author={Marshall, P},
  journal={Prairie Song},
  year={1983},
  publisher={Dutton}
}

@article{petry1971,
  title={Miss Muriel and other stories},
  author={Petry, A},
  journal={Miss Muriel and Other Stories},
  year={1971},
  publisher={Houghton Mifflin}
}

@article{hurston1942,
  title={Dust tracks on a road},
  author={Hurston, ZN},
  journal={Dust Tracks on a Road},
  year={1942},
  publisher={Lippincott}
}

@article{ellison1972,
  title={Going to the territory},
  author={Ellison, R},
  journal={Going to the Territory},
  year={1972},
  publisher={Random House}
}

@article{baldwin1963,
  title={The fire next time},
  author={Baldwin, J},
  journal={The Fire Next Time},
  year={1963},
  publisher={Dial Press}
}

@article{wright1954,
  title={Black power},
  author={Wright, R},
  journal={Black Power},
  year={1954},
  publisher={Harper \& Brothers}
}

@article{brooks1960,
  title={The bean eaters},
  author={Brooks, G},
  journal={The Bean Eaters},
  year={1960},
  publisher={Harper \& Brothers}
}

@article{hughes1959,
  title={Selected poems},
  author={Hughes, L},
  journal={Selected Poems},
  year={1959},
  publisher={Knopf}
}

@article{cullen1959,
  title={On these I stand},
  author={Cullen, C},
  journal={On These I Stand},
  year={1959},
  publisher={Harper \& Brothers}
}

@article{mckay1953,
  title={Selected poems},
  author={McKay, C},
  journal={Selected Poems},
  year={1953},
  publisher={Bookman Associates}
}

@article{toomer1975,
  title={The wayward and the seeking},
  author={Toomer, J},
  journal={The Wayward and the Seeking},
  year={1975},
  publisher={Howard University Press}
}

@article{johnson1927,
  title={God's trombones},
  author={Johnson, JW},
  journal={God's Trombones},
  year={1927},
  publisher={Viking}
}

@article{larsen1930,
  title={Sanctuary},
  author={Larsen, N},
  journal={Sanctuary},
  year={1930},
  publisher={Knopf}
}

@article{fauset1931,
  title={The chinaberry tree},
  author={Fauset, J},
  journal={The Chinaberry Tree},
  year={1931},
  publisher={Stokes}
}

@article{schuyler1931,
  title={Black empire},
  author={Schuyler, G},
  journal={Black Empire},
  year={1931},
  publisher={Northeastern University Press}
}

@article{thurman1932,
  title={Infants of the spring},
  author={Thurman, W},
  journal={Infants of the Spring},
  year={1932},
  publisher={Macmillan}
}

@article{fisher1932,
  title={The conjure-man dies},
  author={Fisher, R},
  journal={The Conjure-Man Dies},
  year={1932},
  publisher={Covici-Friede}
}

@article{nugent1928,
  title={Gentleman jigger},
  author={Nugent, R},
  journal={Gentleman Jigger},
  year={1928},
  publisher={A. \& C. Boni}
}

@article{white1933,
  title={The fire in the flint},
  author={White, W},
  journal={The Fire in the Flint},
  year={1933},
  publisher={Knopf}
}

@article{walrond1929,
  title={The big ditch},
  author={Walrond, E},
  journal={The Big Ditch},
  year={1929},
  publisher={Liveright}
}

@article{bontemps1931,
  title={God sends Sunday},
  author={Bontemps, A},
  journal={God Sends Sunday},
  year={1931},
  publisher={Harcourt, Brace}
}

@article{redding1946,
  title={Stranger and alone},
  author={Redding, JS},
  journal={Stranger and Alone},
  year={1946},
  publisher={Harcourt, Brace}
}

@article{smith1948,
  title={The street},
  author={Smith, L},
  journal={The Street},
  year={1948},
  publisher={Houghton Mifflin}
}

@article{yezierska1950,
  title={Red ribbon on a white horse},
  author={Yezierska, A},
  journal={Red Ribbon on a White Horse},
  year={1950},
  publisher={Scribner}
}

@article{antin's1969,
  title={The promised land},
  author={Antin, M},
  journal={The Promised Land},
  year={1969},
  publisher={Houghton Mifflin}
}

@article{cahan1917,
  title={The rise of David Levinsky},
  author={Cahan, A},
  journal={The Rise of David Levinsky},
  year={1917},
  publisher={Harper \& Brothers}
}

@article{lewis1922,
  title={The job},
  author={Lewis, S},
  journal={The Job},
  year={1922},
  publisher={Harcourt, Brace}
}

@article{roth1930,
  title={Call it sleep},
  author={Roth, H},
  journal={Call It Sleep},
  year={1930},
  publisher={Pageant Books}
}

@article{gold1935,
  title={Jews without money},
  author={Gold, M},
  journal={Jews Without Money},
  year={1935},
  publisher={Liveright}
}

@article{ornitz1923,
  title={The bride of the Sabbath},
  author={Ornitz, S},
  journal={The Bride of the Sabbath},
  year={1923},
  publisher={Boni \& Liveright}
}

@article{fuchs1937,
  title={Homage to Blenholt},
  author={Fuchs, D},
  journal={Homage to Blenholt},
  year={1937},
  publisher={Covici-Friede}
}

@article{kazin1942,
  title={On native grounds},
  author={Kazin, A},
  journal={On Native Grounds},
  year={1942},
  publisher={Reynal \& Hitchcock}
}

@article{podhoretz1963,
  title={Doings and undoings},
  author={Podhoretz, N},
  journal={Doings and Undoings},
  year={1963},
  publisher={Farrar, Straus}
}

@article{heller1966,
  title={Something happened},
  author={Heller, J},
  journal={Something Happened},
  year={1966},
  publisher={Knopf}
}

@article{pynchon1973,
  title={Gravity's rainbow},
  author={Pynchon, T},
  journal={Gravity's Rainbow},
  year={1973},
  publisher={Viking}
}

@article{barthelme1974,
  title={Guilty pleasures},
  author={Barthelme, D},
  journal={Guilty Pleasures},
  year={1974},
  publisher={Farrar, Straus and Giroux}
}

@article{coover1980,
  title={A night at the movies},
  author={Coover, R},
  journal={A Night at the Movies},
  year={1980},
  publisher={Linden Press}
}

@article{gass1985,
  title={The world within the word},
  author={Gass, WM},
  journal={The World Within the Word},
  year={1985},
  publisher={Knopf}
}

@article{barth1984,
  title={The Friday book},
  author={Barth, J},
  journal={The Friday Book},
  year={1984},
  publisher={G. P. Putnam's Sons}
}

@article{hawkes1985,
  title={Adventures in the Alaskan skin trade},
  author={Hawkes, J},
  journal={Adventures in the Alaskan Skin Trade},
  year={1985},
  publisher={Viking}
}

@article{elkin1985,
  title={The rabbi of Lud},
  author={Elkin, S},
  journal={The Rabbi of Lud},
  year={1985},
  publisher={Scribner}
}

@article{federman1983,
  title={The two-fold vibration},
  author={Federman, R},
  journal={The Two-Fold Vibration},
  year={1983},
  publisher={Indiana University Press}
}

@article{sukenick1980,
  title={98.6},
  author={Sukenick, R},
  journal={98.6},
  year={1980},
  publisher={Fiction Collective}
}

@article{morris1981,
  title={The fork river space project},
  author={Morris, W},
  journal={The Fork River Space Project},
  year={1981},
  publisher={Harper \& Row}
}

@article{brautigan1974,
  title={The hawkline monster},
  author={Brautigan, R},
  journal={The Hawkline Monster},
  year={1974},
  publisher={Simon \& Schuster}
}

@article{vonnegut1976,
  title={Slapstick},
  author={Vonnegut, K},
  journal={Slapstick},
  year={1976},
  publisher={Delacorte Press}
}

@article{pynchon2006,
  title={Against the day},
  author={Pynchon, T},
  journal={Against the Day},
  year={2006},
  publisher={Penguin Press}
}

@article{delillo1991,
  title={Mao II},
  author={DeLillo, D},
  journal={Mao II},
  year={1991},
  publisher={Viking}
}

@article{doctorow1980,
  title={Loon lake},
  author={Doctorow, E},
  journal={Loon Lake},
  year={1980},
  publisher={Random House}
}

@article{reed1988,
  title={Reckless eyeballing},
  author={Reed, I},
  journal={Reckless Eyeballing},
  year={1988},
  publisher={St. Martin's Press}
}

@article{morrison1987,
  title={Beloved},
  author={Morrison, T},
  journal={Beloved},
  year={1987},
  publisher={Knopf}
}

@article{walker1989,
  title={The temple of my familiar},
  author={Walker, A},
  journal={The Temple of My Familiar},
  year={1989},
  publisher={Harcourt Brace Jovanovich}
}

@article{bambara1989,
  title={Those bones are not my child},
  author={Bambara, TC},
  journal={Those Bones Are Not My Child},
  year={1989},
  publisher={Pantheon}
}

@article{kennedy1983,
  title={The chaneysville incident},
  author={Kennedy, A},
  journal={The Chaneysville Incident},
  year={1983},
  publisher={Knopf}
}

@article{marshall1983,
  title={Prairie song},
  author={Marshall, P},
  journal={Prairie Song},
  year={1983},
  publisher={Dutton}
}

@article{petry1971,
  title={Miss Muriel and other stories},
  author={Petry, A},
  journal={Miss Muriel and Other Stories},
  year={1971},
  publisher={Houghton Mifflin}
}

@article{hurston1942,
  title={Dust tracks on a road},
  author={Hurston, ZN},
  journal={Dust Tracks on a Road},
  year={1942},
  publisher={Lippincott}
}

@article{ellison1972,
  title={Going to the territory},
  author={Ellison, R},
  journal={Going to the Territory},
  year={1972},
  publisher={Random House}
}

@article{baldwin1963,
  title={The fire next time},
  author={Baldwin, J},
  journal={The Fire Next Time},
  year={1963},
  publisher={Dial Press}
}

@article{wright1954,
  title={Black power},
  author={Wright, R},
  journal={Black Power},
  year={1954},
  publisher={Harper \& Brothers}
}

@article{brooks1960,
  title={The bean eaters},
  author={Brooks, G},
  journal={The Bean Eaters},
  year={1960},
  publisher={Harper \& Brothers}
}

@article{hughes1959,
  title={Selected poems},
  author={Hughes, L},
  journal={Selected Poems},
  year={1959},
  publisher={Knopf}
}

@article{cullen1959,
  title={On these I stand},
  author={Cullen, C},
  journal={On These I Stand},
  year={1959},
  publisher={Harper \& Brothers}
}

@article{mckay1953,
  title={Selected poems},
  author={McKay, C},
  journal={Selected Poems},
  year={1953},
  publisher={Bookman Associates}
}

@article{toomer1975,
  title={The wayward and the seeking},
  author={Toomer, J},
  journal={The Wayward and the Seeking},
  year={1975},
  publisher={Howard University Press}
}

@article{johnson1927,
  title={God's trombones},
  author={Johnson, JW},
  journal={God's Trombones},
  year={1927},
  publisher={Viking}
}

@article{larsen1930,
  title={Sanctuary},
  author={Larsen, N},
  journal={Sanctuary},
  year={1930},
  publisher={Knopf}
}

@article{fauset1931,
  title={The chinaberry tree},
  author={Fauset, J},
  journal={The Chinaberry Tree},
  year={1931},
  publisher={Stokes}
}

@article{schuyler1931,
  title={Black empire},
  author={Schuyler, G},
  journal={Black Empire},
  year={1931},
  publisher={Northeastern University Press}
}

@article{thurman1932,
  title={Infants of the spring},
  author={Thurman, W},
  journal={Infants of the Spring},
  year={1932},
  publisher={Macmillan}
}

@article{fisher1932,
  title={The conjure-man dies},
  author={Fisher, R},
  journal={The Conjure-Man Dies},
  year={1932},
  publisher={Covici-Friede}
}

@article{nugent1928,
  title={Gentleman jigger},
  author={Nugent, R},
  journal={Gentleman Jigger},
  year={1928},
  publisher={A. \& C. Boni}
}

@article{white1933,
  title={The fire in the flint},
  author={White, W},
  journal={The Fire in the Flint},
  year={1933},
  publisher={Knopf}
}

@article{walrond1929,
  title={The big ditch},
  author={Walrond, E},
  journal={The Big Ditch},
  year={1929},
  publisher={Liveright}
}

@article{bontemps1931,
  title={God sends Sunday},
  author={Bontemps, A},
  journal={God Sends Sunday},
  year={1931},
  publisher={Harcourt, Brace}
}

@article{redding1946,
  title={Stranger and alone},
  author={Redding, JS},
  journal={Stranger and Alone},
  year={1946},
  publisher={Harcourt, Brace}
}

@article{smith1948,
  title={The street},
  author={Smith, L},
  journal={The Street},
  year={1948},
  publisher={Houghton Mifflin}
}

@article{yezierska1950,
  title={Red ribbon on a white horse},
  author={Yezierska, A},
  journal={Red Ribbon on a White Horse},
  year={1950},
  publisher={Scribner}
}

@article{antin's1969,
  title={The promised land},
  author={Antin, M},
  journal={The Promised Land},
  year={1969},
  publisher={Houghton Mifflin}
}

@article{cahan1917,
  title={The rise of David Levinsky},
  author={Cahan, A},
  journal={The Rise of David Levinsky},
  year={1917},
  publisher={Harper \& Brothers}
}

@article{lewis1922,
  title={The job},
  author={Lewis, S},
  journal={The Job},
  year={1922},
  publisher={Harcourt, Brace}
}

@article{roth1930,
  title={Call it sleep},
  author={Roth, H},
  journal={Call It Sleep},
  year={1930},
  publisher={Pageant Books}
}

@article{gold1935,
  title={Jews without money},
  author={Gold, M},
  journal={Jews Without Money},
  year={1935},
  publisher={Liveright}
}

@article{ornitz1923,
  title={The bride of the Sabbath},
  author={Ornitz, S},
  journal={The Bride of the Sabbath},
  year={1923},
  publisher={Boni \& Liveright}
}

@article{fuchs1937,
  title={Homage to Blenholt},
  author={Fuchs, D},
  journal={Homage to Blenholt},
  year={1937},
  publisher={Covici-Friede}
}

@article{kazin1942,
  title={On native grounds},
  author={Kazin, A},
  journal={On Native Grounds},
  year={1942},
  publisher={Reynal \& Hitchcock}
}

@article{podhoretz1963,
  title={Doings and undoings},
  author={Podhoretz, N},
  journal={Doings and Undoings},
  year={1963},
  publisher={Farrar, Straus}
}

@article{heller1966,
  title={Something happened},
  author={Heller, J},
  journal={Something Happened},
  year={1966},
  publisher={Knopf}
}

@article{pynchon1973,
  title={Gravity's rainbow},
  author={Pynchon, T},
  journal={Gravity's Rainbow},
  year={1973},
  publisher={Viking}
}

@article{barthelme1974,
  title={Guilty pleasures},
  author={Barthelme, D},
  journal={Guilty Pleasures},
  year={1974},
  publisher={Farrar, Straus and Giroux}
}

@article{coover1980,
  title={A night at the movies},
  author={Coover, R},
  journal={A Night at the Movies},
  year={1980},
  publisher={Linden Press}
}

@article{gass1985,
  title={The world within the word},
  author={Gass, WM},
  journal={The World Within the Word},
  year={1985},
  publisher={Knopf}
}

@article{barth1984,
  title={The Friday book},
  author={Barth, J},
  journal={The Friday Book},
  year={1984},
  publisher={G. P. Putnam's Sons}
}

@article{hawkes1985,
  title={Adventures in the Alaskan skin trade},
  author={Hawkes, J},
  journal={Adventures in the Alaskan Skin Trade},
  year={1985},
  publisher={Viking}
}

@article{elkin1985,
  title={The rabbi of Lud},
  author={Elkin, S},
  journal={The Rabbi of Lud},
  year={1985},
  publisher={Scribner}
}

@article{federman1983,
  title={The two-fold vibration},
  author={Federman, R},
  journal={The Two-Fold Vibration},
  year={1983},
  publisher={Indiana University Press}
}

@article{sukenick1980,
  title={98.6},
  author={Sukenick, R},
  journal={98.6},
  year={1980},
  publisher={Fiction Collective}
}

@article{morris1981,
  title={The fork river space project},
  author={Morris, W},
  journal={The Fork River Space Project},
  year={1981},
  publisher={Harper \& Row}
}

@article{brautigan1974,
  title={The hawkline monster},
  author={Brautigan, R},
  journal={The Hawkline Monster},
  year={1974},
  publisher={Simon \& Schuster}
}

@article{vonnegut1976,
  title={Slapstick},
  author={Vonnegut, K},
  journal={Slapstick},
  year={1976},
  publisher={Delacorte Press}
}

@article{pynchon2006,
  title={Against the day},
  author={Pynchon, T},
  journal={Against the Day},
  year={2006},
  publisher={Penguin Press}
}

@article{delillo1991,
  title={Mao II},
  author={DeLillo, D},
  journal={Mao II},
  year={1991},
  publisher={Viking}
}

@article{doctorow1980,
  title={Loon lake},
  author={Doctorow, E},
  journal={Loon Lake},
  year={1980},
  publisher={Random House}
}

@article{reed1988,
  title={Reckless eyeballing},
  author={Reed, I},
  journal={Reckless Eyeballing},
  year={1988},
  publisher={St. Martin's Press}
}

@article{morrison1987,
  title={Beloved},
  author={Morrison, T},
  journal={Beloved},
  year={1987},
  publisher={Knopf}
}

@article{walker1989,
  title={The temple of my familiar},
  author={Walker, A},
  journal={The Temple of My Familiar},
  year={1989},
  publisher={Harcourt Brace Jovanovich}
}

@article{bambara1989,
  title={Those bones are not my child},
  author={Bambara, TC},
  journal={Those Bones Are Not My Child},
  year={1989},
  publisher={Pantheon}
}

@article{kennedy1983,
  title={The chaneysville incident},
  author={Kennedy, A},
  journal={The Chaneysville Incident},
  year={1983},
  publisher={Knopf}
}

@article{marshall1983,
  title={Prairie song},
  author={Marshall, P},
  journal={Prairie Song},
  year={1983},
  publisher={Dutton}
}

@article{petry1971,
  title={Miss Muriel and other stories},
  author={Petry, A},
  journal={Miss Muriel and Other Stories},
  year={1971},
  publisher={Houghton Mifflin}
}

@article{hurston1942,
  title={Dust tracks on a road},
  author={Hurston, ZN},
  journal={Dust Tracks on a Road},
  year={1942},
  publisher={Lippincott}
}

@article{ellison1972,
  title={Going to the territory},
  author={Ellison, R},
  journal={Going to the Territory},
  year={1972},
  publisher={Random House}
}

@article{baldwin1963,
  title={The fire next time},
  author={Baldwin, J},
  journal={The Fire Next Time},
  year={1963},
  publisher={Dial Press}
}

@article{wright1954,
  title={Black power},
  author={Wright, R},
  journal={Black Power},
  year={1954},
  publisher={Harper \& Brothers}
}

@article{brooks1960,
  title={The bean eaters},
  author={Brooks, G},
  journal={The Bean Eaters},
  year={1960},
  publisher={Harper \& Brothers}
}

@article{hughes1959,
  title={Selected poems},
  author={Hughes, L},
  journal={Selected Poems},
  year={1959},
  publisher={Knopf}
}

@article{cullen1959,
  title={On these I stand},
  author={Cullen, C},
  journal={On These I Stand},
  year={1959},
  publisher={Harper \& Brothers}
}

@article{mckay1953,
  title={Selected poems},
  author={McKay, C},
  journal={Selected Poems},
  year={1953},
  publisher={Bookman Associates}
}

@article{toomer1975,
  title={The wayward and the seeking},
  author={Toomer, J},
  journal={The Wayward and the Seeking},
  year={1975},
  publisher={Howard University Press}
}

@article{johnson1927,
  title={God's trombones},
  author={Johnson, JW},
  journal={God's Trombones},
  year={1927},
  publisher={Viking}
}

@article{larsen1930,
  title={Sanctuary},
  author={Larsen, N},
  journal={Sanctuary},
  year={1930},
  publisher={Knopf}
}

@article{fauset1931,
  title={The chinaberry tree},
  author={Fauset, J},
  journal={The Chinaberry Tree},
  year={1931},
  publisher={Stokes}
}

@article{schuyler1931,
  title={Black empire},
  author={Schuyler, G},
  journal={Black Empire},
  year={1931},
  publisher={Northeastern University Press}
}

@article{thurman1932,
  title={Infants of the spring},
  author={Thurman, W},
  journal={Infants of the Spring},
  year={1932},
  publisher={Macmillan}
}

@article{fisher1932,
  title={The conjure-man dies},
  author={Fisher, R},
  journal={The Conjure-Man Dies},
  year={1932},
  publisher={Covici-Friede}
}

@article{nugent1928,
  title={Gentleman jigger},
  author={Nugent, R},
  journal={Gentleman Jigger},
  year={1928},
  publisher={A. \& C. Boni}
}

@article{white1933,
  title={The fire in the flint},
  author={White, W},
  journal={The Fire in the Flint},
  year={1933},
  publisher={Knopf}
}

@article{walrond1929,
  title={The big ditch},
  author={Walrond, E},
  journal={The Big Ditch},
  year={1929},
  publisher={Liveright}
}

@article{bontemps1931,
  title={God sends Sunday},
  author={Bontemps, A},
  journal={God Sends Sunday},
  year={1931},
  publisher={Harcourt, Brace}
}

@article{redding1946,
  title={Stranger and alone},
  author={Redding, JS},
  journal={Stranger and Alone},
  year={1946},
  publisher={Harcourt, Brace}
}

@article{smith1948,
  title={The street},
  author={Smith, L},
  journal={The Street},
  year={1948},
  publisher={Houghton Mifflin}
}

@article{yezierska1950,
  title={Red ribbon on a white horse},
  author={Yezierska, A},
  journal={Red Ribbon on a White Horse},
  year={1950},
  publisher={Scribner}
}

@article{antin's1969,
  title={The promised land},
  author={Antin, M},
  journal={The Promised Land},
  year={1969},
  publisher={Houghton Mifflin}
}

@article{cahan1917,
  title={The rise of David Levinsky},
  author={Cahan, A},
  journal={The Rise of David Levinsky},
  year={1917},
  publisher={Harper \& Brothers}
}

@article{lewis1922,
  title={The job},
  author={Lewis, S},
  journal={The Job},
  year={1922},
  publisher={Harcourt, Brace}
}

@article{roth1930,
  title={Call it sleep},
  author={Roth, H},
  journal={Call It Sleep},
  year={1930},
  publisher={Pageant Books}
}

@article{gold1935,
  title={Jews without money},
  author={Gold, M},
  journal={Jews Without Money},
  year={1935},
  publisher={Liveright}
}

@article{ornitz1923,
  title={The bride of the Sabbath},
  author={Ornitz, S},
  journal={The Bride of the Sabbath},
  year={1923},
  publisher={Boni \& Liveright}
}

@article{fuchs1937,
  title={Homage to Blenholt},
  author={Fuchs, D},
  journal={Homage to Blenholt},
  year={1937},
  publisher={Covici-Friede}
